@article{AKIAN2012,
  author    = {Marianne Akian and Stephane Gaubert and Alexander Guterman},
  journal   = {International Journal of Algebra and Computation},
  title     = {Tropical polyhedra are equivalent to mean payoff games},
  year      = {2012},
  month     = {Feb},
  number    = {01},
  pages     = {1250001},
  volume    = {22},
  doi       = {10.1142/s0218196711006674},
  publisher = {World Scientific Pub Co Pte Lt},
}

@misc{AKIAN2021,
  author    = {Marianne Akian and Stephane Gaubert and Sara Vannucci},
  title     = {Ambitropical geometry, hyperconvexity and zero-sum games},
  year      = {2021},
  doi       = {10.48550/ARXIV.2108.07748},
  url       = {https://arxiv.org/abs/2108.07748},
  keywords  = {Optimization and Control (math.OC), Combinatorics (math.CO), FOS: Mathematics, 14T90, 91A25, 91A68},
  publisher = {arXiv},
  copyright = {Creative Commons Attribution 4.0 International}
}

@article{Akian2021TropicalLR,
  author    = {Marianne Akian and St{\'e}phane Gaubert and Yang Qi and Omar Saadi},
  title     = {Tropical linear regression and mean payoff games: or, how to measure the distance to equilibria},
  journal   = {SIAM J. Discret. Math.},
  year      = {2021},
  volume    = {37},
  pages     = {632--674},
  url       = {https://api.semanticscholar.org/CorpusID:235313465}
}

@article{Allamigeon2018,
  author    = {Xavier Allamigeon and Stephane Gaubert and Ricardo D. Katz and Mateusz Skomra},
  title     = {Condition numbers of stochastic mean payoff games and what they say about nonarchimedean semidefinite programming},
  year      = {2018},
  doi       = {10.48550/ARXIV.1802.07712},
  keywords  = {Optimization and Control (math.OC), Computer Science and Game Theory (cs.GT), Combinatorics (math.CO), FOS: Mathematics, FOS: Computer and information sciences},
  publisher = {arXiv},
  copyright = {arXiv.org perpetual, non-exclusive license}
}

@article{Cominetti2013,
  author    = {R. Cominetti and J. A. Soto and J. Vaisman},
  journal   = {Israel Journal of Mathematics},
  title     = {On the rate of convergence of Krasnosel'ski\u{\i}-Mann iterations and their connection with sums of Bernoullis},
  year      = {2013},
  month     = {Aug},
  number    = {2},
  pages     = {757--772},
  volume    = {199},
  doi       = {10.1007/s11856-013-0045-4},
  publisher = {Springer Science and Business Media {LLC}},
}

@article{Gaubert2008,
  author    = {S. Gaubert and S. Sergeev},
  journal   = {Journal of Mathematical Sciences},
  title     = {Cyclic projectors and separation theorems in idempotent convex geometry},
  year      = {2008},
  month     = {Nov},
  number    = {6},
  pages     = {815--829},
  volume    = {155},
  doi       = {10.1007/s10958-008-9243-8},
  publisher = {Springer Science and Business Media {LLC}},
}

@book{Maclagan2015,
  author    = {Diane Maclagan and Bernd Sturmfels},
  title     = {Introduction to Tropical Geometry},
  year      = {2015},
  month     = {Apr},
  publisher = {American Mathematical Society},
  doi       = {10.1090/gsm/161},
}

@misc{zhang2018tropical,
      title={Tropical Geometry of Deep Neural Networks}, 
      author={Liwen Zhang and Gregory Naitzat and Lek-Heng Lim},
      year={2018},
      eprint={1805.07091},
      archivePrefix={arXiv},
      primaryClass={cs.LG}
}

@inproceedings{Boser92,
author = {Boser, Bernhard E. and Guyon, Isabelle M. and Vapnik, Vladimir N.},
title = {A training algorithm for optimal margin classifiers},
year = {1992},
isbn = {089791497X},
publisher = {Association for Computing Machinery},
address = {New York, NY, USA},
url = {https://doi.org/10.1145/130385.130401},
doi = {10.1145/130385.130401},
booktitle = {Proceedings of the Fifth Annual Workshop on Computational Learning Theory},
pages = {144â€“152},
numpages = {9},
location = {Pittsburgh, Pennsylvania, USA},
series = {COLT '92}
}

@article{Vasileios2021,
author = {Maragos, Petros and Charisopoulos, Vasileios and Theodosis, Manos},
year = {2021},
month = {04},
pages = {1-28},
title = {Tropical Geometry and Machine Learning},
volume = {PP},
journal = {Proceedings of the IEEE},
doi = {10.1109/JPROC.2021.3065238}
}

@misc{YoshidaPCA2019,
      title={Tropical principal component analysis on the space of ultrametrics}, 
      author={Robert Page and Leon Zhang and Ruriko Yoshida},
      year={2019},
      eprint={1911.10675},
      archivePrefix={arXiv},
      primaryClass={math.CO}
}

@misc{Tang2020,
      title={Tropical Support Vector Machine and its Applications to Phylogenomics}, 
      author={Xiaoxian Tang and Houjie Wang and Ruriko Yoshida},
      year={2020},
      eprint={2003.00677},
      archivePrefix={arXiv},
      primaryClass={math.CO}
}

@misc{litvinov2005maslov,
      title={The Maslov dequantization, idempotent and tropical mathematics: A brief introduction}, 
      author={G. L. Litvinov},
      year={2005},
      eprint={math/0507014},
      archivePrefix={arXiv},
      primaryClass={math.GM}
}

@misc{viro2000dequantization,
      title={Dequantization of real algebraic geometry on logarithmic paper}, 
      author={Oleg Viro},
      year={2000},
      eprint={math/0005163},
      archivePrefix={arXiv},
      primaryClass={math.AG}
}


@article{ZHANG2010373,
	author = {Li Zhang and Weida Zhou},
	doi = {https://doi.org/10.1016/j.neunet.2009.11.012},
	issn = {0893-6080},
	journal = {Neural Networks},
	keywords = {Sparse learning, Sparseness, 1-norm SVM, Standard SVM},
	number = {3},
	pages = {373-385},
	title = {On the sparseness of 1-norm support vector machines},
	url = {https://www.sciencedirect.com/science/article/pii/S0893608009002974},
	volume = {23},
	year = {2010},
	bdsk-url-1 = {https://www.sciencedirect.com/science/article/pii/S0893608009002974},
	bdsk-url-2 = {https://doi.org/10.1016/j.neunet.2009.11.012}}

@techreport{Gartner2006,
author={G{\"a}rtner, Bernd and Jaggi, Martin},
title={Tropical support vector machines},
institution={ACS-TR-362502-01},
date={2006},
}


@comment{jabref-meta: databaseType:bibtex;}
