@INPROCEEDINGS{cohen89b,
author={G. Cohen and S. Gaubert and R. Nikoukhah and J.P. Quadrat},
title={Convex analysis and spectral analysis of timed 
event graphs},
booktitle={28th Conf. Decision and Control},
address={Tampa, FL},
month={Dec.},
year={1989},
doi={10.1109/CDC.1989.70401},
note={\href{http://www.cmap.polytechnique.fr/~gaubert/PAPERS/CDCTAMPA1989.pdf}{[pdf]}},
}


@INPROCEEDINGS{gaubert90,
author={S. Gaubert},
title={An algebraic method for optimizing resources in timed event graphs},
booktitle={Proceedings of the 9th International Conference on Analysis
and Optimization of Systems, {\rm Antibes, June 1990}},
editor={A.Bensoussan and J.L. Lions},
series={Lecture Notes in Control and Information Sciences},
year={1990},
number={144}, 
publisher={Springer},
doi={10.1007/BFb0120116},
}


@INPROCEEDINGS{maxplus90b, 
author={M. Plus},
title={Linear systems in $(\max,+)$-algebra},
booktitle={Proceedings of the 29th Conference on Decision and Control},
year={1990},
address={Honolulu},
month={Dec.},
pages={151-156},
volume={1},
doi={10.1109/CDC.1990.203566},
note={M. Plus is a collective name for M. Akian, G. Cohen, S. Gaubert, R. Nikoukhah, and J.-P. Quadrat},
}


@INPROCEEDINGS{gaubert91,
author={S. Gaubert and C. Klimann},
title={Rational computation in dioid algebra and
its application to performance evaluation of Discrete
Event Systems},
booktitle={Algebraic computing in control},
editor={G. Jacob and F. Lamnabhi-Lagarrigue},
series={Lecture Notes in Control and Inf. Sci.},
year={1991},
number={165}, 
publisher={Springer},
doi={10.1007/BFb0006942},
}



@INPROCEEDINGS{maxplus91a, 
author={M. Plus},
title={A linear system theory for systems subject to synchronization
and saturation constraints},
booktitle={Proceedings of the first European Control Conference},
year={1991},
address={Grenoble},
month={July},
note={M. Plus is a collective name for G. Cohen, S. Gaubert, R. Nikoukhah, and J.-P. Quadrat},
}


@INPROCEEDINGS{maxplus91b, 
author={G. Cohen and S. Gaubert and R. Nikoukhah and J.P. Quadrat},
title={Second order theory of min-linear systems
and its application to discrete event systems},
booktitle={Proceedings of the 30th CDC},
year={1991},
address={Brighton},
month={Dec.},
doi={10.1109/CDC.1991.261654},
}

@INPROCEEDINGS{gaubert93a,
author={S. Gaubert},
title={Timed Automata and Discrete Event Systems},
booktitle={Proceedings of the ECC93},
address={Groningen},
month={July},
year={1993},
note={An extended version of this paper appeared as~\cite{gaubert95c}.},
}

@INPROCEEDINGS{cohen93a,
author={G. Cohen and S. Gaubert and J.P. Quadrat},
title={From first to second-order theory of linear discrete event systems},
booktitle={12th IFAC},
address={Sydney},
month={Jul.},
year={1993},
}

@INPROCEEDINGS{maxplus94,
title={Max-Plus Algebra and Applications to System Theory and Optimal
Control},
author={{Max-Plus Working Group, presented by J.P. Quadrat}},
note={Max Plus is a collective name for M. Akian, G. Cohen, S. Gaubert, J.P. Quadrat and M. Viot.},
booktitle={Proceedings of the ICM},
address={Zurich},
month={August},
year={1994},
}

@INPROCEEDINGS{gaubert94d,
author={S. Gaubert},
title={Rational Series over Dioids and Discrete Event Systems},
booktitle={Proc. of the 11th Conf. on Anal. and Opt. of Systems:
Discrete Event Systems},
year={1994},
address={Sophia Antipolis},
month={June},
publisher={Springer},
series={Lect. Notes. in Control and Inf. Sci},
number={199},
doi={10.1007/BFb0033554},
}

@INPROCEEDINGS{CGQ95b, 
author={G. Cohen and S. Gaubert and J.P. Quadrat},
title={Asymptotic Throughput of Continuous Timed {P}etri Nets},
booktitle={Proceedings of the 34th Conference on
Decision and Control},
address={New Orleans},
month={Dec},
year={1995},
doi={10.1109/CDC.1995.480646},
}




@INPROCEEDINGS{CGQ96a,
author={G. Cohen and S. Gaubert and J.P Quadrat},
title={Kernels, images and projections in dioids},
booktitle={Proceedings of WODES'96},
publisher={IEE},
year={1996},
address={Edinburgh},
month={August},
pages={151--158},
}




@INPROCEEDINGS{gaumair97aold,
author={S. Gaubert and J. Mairesse},
title={Modelling and Analysis of Timed Petri Nets using Heaps of Pieces},
year={1997},
booktitle={Proc. of the ECC'97},
address={Bruxelles},
note={An extended version of the present article appeared as~\cite{gaumair97a}.},
}
@INPROCEEDINGS{CGQ97a,
author={G. Cohen and S. Gaubert and J.P. Quadrat},
title={Linear projectors in the max-plus algebra},
booktitle={Proceedings of the IEEE Mediterranean Conference}, 
address={Cyprus},
year={1997},
publisher={IEEE},
note={\href{http://www.cmap.polytechnique.fr/~gaubert/PAPERS/S4-1.pdf}{[pdf]}},
}



@INPROCEEDINGS{maxplus97,
author={S. Gaubert and M. Plus},
title={Methods and Applications of (max,+) Linear Algebra (Invited talk)},
booktitle={STACS'97},
editor={R. Reischuk and M. Morvan},
year={1997},
address={L\"ubeck},
month={March},
publisher={Springer},
series={LNCS},
number={1200},
pages={261-282},
doi={10.1007/BFb0023465},
note={Invited plenary talk},
}


@INPROCEEDINGS{ccggq98,
title={Numerical computation of spectral elements in max-plus
		  algebra},
author={Jean Cochet-Terrasson and Guy Cohen and St\'ephane Gaubert
and Michael Mc Gettrick and Jean-Pierre Quadrat},
year={1998},
booktitle={Proc. of the IFAC Conference on System Structure and
		  Control},
publisher={Pergamon press},
ISBN={978-0080430355},
address={Nantes},
month={July},
}


@INPROCEEDINGS{gg98a,
author={S. Gaubert and J. Gunawardena},
title={A Non-Linear Hierarchy for Discrete Event Dynamical Systems},
booktitle={Proc. of the Fourth Workshop on Discrete Event Systems (WODES98)},
publisher={IEE},
address={Cagliari, Italy},
year={1998},
pages={249-254},
}


@INPROCEEDINGS{CAV,
author={A. Benveniste and C. Jard and S. Gaubert},
title={Algebraic techniques for timed systems},
year={1998}, 
booktitle={Proceedings of CONCUR'98},
address={Nice, France},
month={September},
publisher={Springer},
number={1466},
series={LNCS},
doi={10.1007/BFb0055636},
}


@INPROCEEDINGS{bgj98a,
author={Albert Benveniste and St\'ephane Gaubert and Claude Jard},
title={Monotone rational series and max-plus algebraic models
of real-time systems},
booktitle={Proc. of the Fourth Workshop on Discrete Event Systems (WODES98)},
publisher={IEE},
address={Cagliari, Italy},
year={1998},
}

@INPROCEEDINGS{bgh99,
author={F. Baccelli and S. Gaubert and D. Hong},
title={Representation and Expansion of Max-Plus {L}yapunov
Exponents},
year={1999},
booktitle={Allerton Conference on Communication, Control, and Computing},
address={Urbana-Champaign},
}
 

@INPROCEEDINGS{gaubert99f,
author={S. Gaubert and J. Mairesse},
title={Asymptotic Analysis of Heaps of Pieces and application to Timed Petri Nets},
booktitle={PNPM'99},
address={Saragoza, Spain},
month={Sep.},
year={1999},
doi={10.1109/PNPM.1999.796562},
}

@INPROCEEDINGS{gaubert01a,
author={G. Cohen and S. Gaubert and J.P. Quadrat},
title={Duality of Idempotent Semimodules},
booktitle={Proceedings of the
Satellite Workshop on Max-Plus Algebras,
IFAC SSSC'01},
address={Praha},
publisher={Elsevier},
year={2001},
}


@INPROCEEDINGS{gaubert01b,
author={M. Akian and S. Gaubert},
title={A Spectral Theorem for Convex Monotone Homogeneous Maps},
booktitle={Proceedings of the
Satellite Workshop on Max-Plus Algebras,
IFAC SSSC'01},
address={Praha},
publisher={Elsevier},
year={2001},
}

@INPROCEEDINGS{gaubert01c,
author={M. Akian and R. Bapat and S. Gaubert},
title={Generic Asymptotics of Eigenvalues using Min-Plus Algebra},
booktitle={Proceedings of the
Satellite Workshop on Max-Plus Algebras,
IFAC SSSC'01},
address={Praha},
publisher={Elsevier},
year={2001},
}



@INPROCEEDINGS{gk03b,
author={S. Gaubert and R. Katz},
title={Reachability and invariance problems in max-plus algebra},
booktitle={Proceedings of POSTA'03},
editor={Luca Benvenuti and Alberto {De Santis} and Lorenzo Farina},
year={2003},
address={Roma},
month={Aug.},
publisher={Springer},
series={Lect. Notes on Control and Inf. Sci.},
number={294},
doi={10.1007/978-3-540-44928-7_4},
}



@INPROCEEDINGS{agl,
author={M. Akian and S. Gaubert and A. Lakhoua},
title={A max-plus finite element method for solving finite horizon deterministic optimal control problems},
booktitle={Proceedings of MTNS'04},
address={Louvain, Belgique},
url={http://www.inria.fr/rrrt/rr-5163.html},
eprint={math.OC/0404184},
year={2004},
}


@INPROCEEDINGS{goubault,
author={A. Costan and S. Gaubert and E. Goubault and M. Martel and S. Putot},
title={A policy iteration algorithm for computing fixed points in static analysis of programs},
booktitle={Proceedings of the 17th International Conference on Computer Aided Verification (CAV'05)},
publisher={Springer},
address={Edinburgh},
month={July},
series={LNCS},
vol={3576},
pages={462--475},
year={2005},
doi={10.1007/11513988\_46},
}



@INPROCEEDINGS{agl2,
author={M. Akian and S. Gaubert and A. Lakhoua},
title={The max-plus finite element method for optimal control problems: further approximation results},
booktitle={Proceedings of the joint 44th IEEE Conference on Decision and Control and European Control Conference ECC 2005 (CDC-ECC'05)},
address={Seville, Espagne},
note={ISBN: 0-7803-9567-0}, 
doi={10.1109/CDC.2005.1582872}, 
eprint={math.OC/0509250},
year=2005,
pages={4505 - 4510},
URL={http://hal.inria.fr/inria-00000965/en/},
}


@INPROCEEDINGS{AGK-4,
author={M. Akian and S. Gaubert and V. Kolokoltsov},
title={Solutions of max-plus linear equations and large deviations},
booktitle={Proceedings of the joint 44th IEEE Conference on Decision and Control and European Control Conference ECC 2005 (CDC-ECC'05)},
address={Seville, Espagne},
note={ISBN: 0-7803-9567-0},
doi={10.1109/CDC.2005.1583420}, 
eprint={math.PR/0509279},
year=2005,
pages={7787- 7792},
URL={http://hal.inria.fr/inria-00000218/en/},
}


@incollection{GK06a,
author={S. Gaubert and R. Katz},
title={Max-plus convex geometry},
booktitle={Proceedings of the 9th International Conference on Relational Methods in Computer Science and 4th International Workshop on Applications of Kleene Algebra (RelMiCS/AKA 2006)},
editor={R. A. Schmidt},
series={Lecture Notes in Comput. Sci.},
volume={4136},
pages={192--206},
year={2006},
 PUBLISHER = {Springer},
doi={10.1007/11828563\_13},
}



@incollection {AGN05,
    AUTHOR = {Akian, M. and Gaubert, S. and Ninove, L.},
     TITLE = {The {$T$}-{P}age{R}ank: a model of self-validating effects of
              web surfing},
 BOOKTITLE = {Positive systems},
    SERIES = {Lecture Notes in Control and Inform. Sci.},
    VOLUME = {341},
     PAGES = {239--246},
 PUBLISHER = {Springer},
   ADDRESS = {Berlin},
      YEAR = {2006},
doi={10.1007/11757344_31},
}

@inproceedings{dhingra,
 acmnumber={1190110},
 author = {Vishesh Dhingra and St\'ephane Gaubert},
 title = {How to solve large scale deterministic games with mean payoff by policy iteration},
 booktitle = {Valuetools '06: Proceedings of the 1st international conference on Performance evaluation methodologies and tools},
 year = {2006},
 isbn = {1-59593-504-5},
 pages = {12},
 location = {Pisa, Italy},
 publisher = {ACM Press},
 address = {New York, NY, USA},
doi={10.1145/1190095.1190110},
 }




@INPROCEEDINGS{AGW_horizon,
author={M. Akian and S. Gaubert and C. Walsh},
title={How to find horizon-independent optimal strategies leading 
off to infinity: a max-plus approach},
booktitle={Proc. of the 45th IEEE Conference on Decision and Control (CDC'06)},
address={San Diego},
eprint={math.OC/0609243},
doi={10.1109/CDC.2006.377830},
year={2006},
}


@INPROCEEDINGS{G-MOS,
author={S. Gaubert},
title={From max-plus algebra to non-linear {P}erron-{F}robenius theory: an 
approach to zero-sum repeated games},
booktitle={Proc. of the International Workshop ``Idempotent and Tropical Mathematics and problems of Mathematical Physics'', Moscow, Aug. 25-30, 2007},
editor={G .L. Litvinov and V. P. Maslov and S. N. Sergeev},
pages={60--65},
volume=1,
year = 2007,
eprint={0710.0377},
publisher={The Independent University of Moscow},
}



@INPROCEEDINGS{A-MOS,
author={M. Akian},
title={Representation of stationnary solutions
of {H}amilton-{J}acobi-{B}ellman equations: a max-plus point of view},
booktitle={Proc. of the International Workshop ``Idempotent and Tropical Mathematics and problems of Mathematical Physics'', Moscow, Aug. 25-30, 2007},
editor={G .L. Litvinov and V. P. Maslov and S. N. Sergeev},
pages={6-11},
volume=1,
year = 2007,
eprint={0710.0377},
publisher={The Independent University of Moscow},
}

@INPROCEEDINGS{KOL,
author={M. Akian and S. Gaubert and V. Kolokoltsov},
title={On the assignment problem for a countable state space},
booktitle={Proc. of the International Workshop ``Idempotent and Tropical Mathematics and problems of Mathematical Physics'', Moscow, Aug. 25-30, 2007},
editor={G .L. Litvinov and V. P. Maslov and S. N. Sergeev},
pages={12-20},
volume=1,
year = 2007,
eprint={0710.0377},
publisher={The Independent University of Moscow},
}


@INPROCEEDINGS{goubault2,
author={S. Gaubert and E. Goubault and A. Taly and S. Zennou},
title={Static Analysis by Policy Iteration in Relational Domains},
year={2007},
booktitle={Proceedings of the Proc. of the 16th European Symposium on Programming (ESOP'07)},
address={Braga (Portugal)},
date={24 March - 1 April, 2007},
publisher={Springer},
series={LNCS},
volume=4421,
pages={237--252},
doi={10.1007/978-3-540-71316-6\_17},
}

@INPROCEEDINGS{MTNS08,
author={A. Adje and S. Gaubert and E. Goubault},
title={Computing the smallest fixed point of nonexpansive mappings arising in game theory and static analysis of programs},
booktitle={Proceedings of 
the Eighteenth International Symposium on Mathematical Theory of Networks and Systems (MTNS2008)},
eprint={0806.1160},
address={Blacksburg, Virginia},
month={July},
year=2008,
}

@INPROCEEDINGS{rio,
title={Optimization of Network Traffic Measurement : A Semidefinite Programming Approach},
author={Mustapha Bouhtou and St\'ephane Gaubert and Guillaume Sagnol},
booktitle={Proceedings of the International Conference on Engineering Optimization (EngOpt 2008)},
year=2008,
month={June 1-5},
address={Rio de Janeiro},
note={Paper number 0615, \href{http://www.engopt.org/nukleo/pdfs/0615_engopt_paperbouhtougaubertsagnol.pdf}{[pdf]} from \url{http://www.engopt.org}},
}


@incollection{AGG08,
author={X. Allamigeon and S. Gaubert and \'E. Goubault},
title={Inferring Min and Max Invariants Using Max-plus Polyhedra},
year={2008},
booktitle={Proceedings of the 15th International Static Analysis Symposium (SAS'08)},
publisher={Springer},
series={LNCS},
volume=5079,
pages={189--204},
address={Valencia, Spain},
doi={10.1007/978-3-540-69166-2\_13},
}

@INPROCEEDINGS{ACC,
title={Curse-of-Complexity Attenuation in the Curse-of-Dimensionality-Free Method for {HJB} {PDEs}},
author={William M. McEneaney and Ameet Deshpande and St\'ephane Gaubert},
booktitle={Proc. of the 2008 American Control Conference},
address={Seattle, Washington, USA},
month={June},
date={11-13},
pages={4684--4690},
year=2008,
doi={10.1109/ACC.2008.4587234},
}

@INPROCEEDINGS{agl2new,
author={M. Akian and S. Gaubert and A. Lakhoua},
title={Convergence analysis of the max-plus finite element method for solving optimal control problems},
booktitle={Proceedings of the 47th IEEE Conference on Decision and Control(CDC'08)},
address={Cancun, Mexico},
year=2008,
pages={927--934},
doi={10.1109/CDC.2008.4739501},
}



@incollection{gaubertmeisam09,
author={S. Gaubert and M. Sharify},
year=2009,
title={Tropical Scaling of Polynomial Matrices},
booktitle={Proceedings of the third Multidisciplinary International Symposium on Positive Systems: Theory and Applications (POSTA 09)},
address={Valencia, Spain},
date={September 2-4},
editor={Bru, Rafael and Romero-Viv\'o, Sergio},
series={LNCIS},
volume={389},
publisher={Springer},
pages={291-303},
doi={10.1007/978-3-642-02894-6\_28}, 
eprint={0905.0121},
}



@incollection{gaubert09,
AUTHOR={S. Gaubert},
TITLE={Max-plus Algebraic Tools for Discrete Event Systems, Static Analysis, and Zero Sum Games},
booktitle={Formal Modeling and Analysis of Timed Systems: 7th International Conference, FORMATS 2009},
editor={J. Ouaknine and F. Vaandrager},
publisher={Springer},
year = 2009,
series={LNCS},
volume={5813},
pages={7-11},
note={Invited plenary talk}, 
doi={10.1007/978-3-642-04368-0\_2},
}

@ARTICLE{EGG10,
author={J. Edmonds and S. Gaubert and V. Gurvich},
title={Sperner Oiks},
journal={Electronic Notes in Discrete Mathematics},
year=2010,
volume=36,
pages={1273--1280},
note={Proceedings of ISCO 2010 - International Symposium on Combinatorial Optimization},
doi={10.1016/j.endm.2010.05.161},
}

@ARTICLE{EGG10b,
author={J. Edmonds and S. Gaubert and V. Gurvich},
title={Scarf Oiks},
journal={Electronic Notes in Discrete Mathematics},
year=2010,
volume=36,
pages={1281--1288},
note={Proceedings of ISCO 2010 - International Symposium on Combinatorial Optimization},
doi={10.1016/j.endm.2010.05.162},
}


@ARTICLE{BGS10,
author={M. Bouhtou and S. Gaubert and G. Sagnol},
title={Submodularity and Randomized rounding techniques for Optimal Experimental Design},
journal={Electronic Notes in Discrete Mathematics},
year=2010,
pages={679-686},
volume=36,
note={Proceedings of ISCO 2010 - International Symposium on Combinatorial Optimization},
doi={10.1016/j.endm.2010.05.086},
}


@incollection{SBG10,
author={G. Sagnol and M. Bouhtou and S. Gaubert},
title={Successive c-Optimal Designs : A scalable technique to optimize the measurements on large networks},
booktitle={Proceedings of the ACM SIGMETRICS International Conference on Measurement and Modeling of Computer Systems, New York, NY, USA, June 2010},
pages={347--348},
ISBN={978-1-4503-0038-4},
note={Short paper (2 pages), \href{http://www.cmap.polytechnique.fr/~gaubert/PAPERS/SigmetricsSagnolBouhtouGaubert.pdf}{[pdf]}.},
doi={10.1145/1811039.1811080},
publisher={ACM},
year={2010},
}



@incollection{GKS10,
author={S. Gaubert and R. Katz and S. Sergeev},
title={Tropical linear programming and parametric mean payoff games},
booktitle={Third international Workshop on Invariant Generation (WING'2010), associated with the International Joint Conference on Automated Reasoning (IJCAR 2010), Edinburgh July 21},
year={2010},
note={\href{http://www.cmap.polytechnique.fr/~gaubert/PAPERS/GaubertKatzSergeev.pdf}{[pdf]}. An extended version of the present work has appeared in~\cite{GKS11}.},
}



@incollection{AkianGaubertGuterman10,
author={M. Akian and S. Gaubert and A. Guterman},
title={The correspondence between tropical convexity and mean payoff games},
booktitle={Proceedings of the 19th International Symposium on Mathematical Theory of Networks and Systems (MTNS 2010), 5-9 July, 2010, Budapest, Hungary},
pages={1295--1302}, year={2010},
ISBN={978-963-311-370-7},
note={ISBN 978-963-311-370-7, \href{http://amadeus.inria.fr/gaubert/PAPERS/220_462.pdf}{Preprint on one author's web page}, an extended version of the present work has appeared in~\cite{AGGut10}.},
}

@incollection{SGB10,
author={G. Sagnol and S. Gaubert and M. Bouhtou},
title={Optimal monitoring on large networks by Successive c-Optimal Designs},
booktitle={Proceedings of the 22nd international teletraffic congress (ITC22), Amsterdam, The Netherlands, September},
year=2010,
publisher={IEEE},
doi={10.1109/ITC.2010.5608717},
note={\href{http://www.cmap.polytechnique.fr/~gaubert/PAPERS/ITC22_Final.pdf}{[pdf]}},
}



@incollection{adjegaubertgoubault10,
author={A. Adje and S. Gaubert and E. Goubault},
title={Coupling policy iteration with semi-definite relaxation to compute accurate numerical invariants in static analysis},
booktitle={Proceedings of the 19th European Symposium on Programming (ESOP 2010)},
series={Lecture Notes in Computer Science},
number={6012},
publisher={Springer},
pages={23--42},
year=2010,
doi={10.1007/978-3-642-11957-6_3},
}


@incollection{AGG10,
author={X. Allamigeon and S. Gaubert and \'E. Goubault},
title={The tropical double description method},
year={2010},
booktitle={Proceedings of the 27th International Symposium on Theoretical Aspects of Computer Science (STACS'2010, March 4-6, Nancy, France)},
publisher = {Leibniz Center in Informatics},
doi={10.4230/LIPIcs.STACS.2010.2443},
eprint={1001.4119},
}

@INPROCEEDINGS{clairambetal,
author={F. Billy and J. Clairambault and O. Fercoq and S. Gaubert and T. Lepoutre and T. Ouillon},
title={Proliferation in Cell Population Models with Age Structure},
booktitle={AIP Conf. Proc.},
year=2011,
pages={1212-1215},
volume={1389},
doi={10.1063/1.3637834},
}


@INPROCEEDINGS{zheng1,
author={S. Gaubert and W. McEneaney and Z. Qu},
title={Curse of dimensionality reduction in max-plus based approximation methods: theoretical estimates and improved pruning algorithms},
booktitle={Proceedings of the 50th IEEE Conference on Decision and Control and European Control Conference (CDC-ECC 11)},
address={Orlando, FL, USA},
month={December},
year=2011,
pages={1054-1061},
doi={10.1109/CDC.2011.6161386}, 
eprint={1109.5241},
}



@INPROCEEDINGS{zhengecc2013,
author={S. Gaubert and Z. Qu},
title={Markov operators on cones and non-commutative consensus},
booktitle={Proceedings of the European Control Conference ECC 2013},
address={Zurich},
date={July 17-19},
year=2013,
eprint={1307.4649},
pages={2693-2700},
}

@INPROCEEDINGS{magronecc2013,
author={X. Allamigeon and S. Gaubert and V. Magron and B. Werner},
title={Certification of inequalities involving transcendental functions: combining SDP and max-plus approximation},
booktitle={Proceedings of the European Control Conference ECC 2013},
address={Zurich},
date={July 17-19},
pages={2044-2250},
year={2013},
eprint={1307.7002},
}


@INPROCEEDINGS{magroncicm2013,
author={X. Allamigeon and S. Gaubert and V. Magron and B. Werner},
eprint={1307.3231},
title={Certification of Bounds of Non-linear Functions: the Templates Method},
booktitle={Proceedings of CICM 2013 (Conferences on Intelligent Computer Mathematics, ``Calculemus'', Track A)}, 
address={Bath},
date={July 8-12}, 
year={2013},
}

@inproceedings{1402.1436,
Author = {Stephane Gaubert and Zheng Qu and Srinivas Sridharan},
Title = {Bundle-based pruning in the max-plus curse of dimensionality free method},
Year = {2014},
eprint = {1402.1436},
booktitle={Proceedings of the 21st International Symposium on
Mathematical Theory of Networks and Systems
July 7-11, 2014. Groningen, The Netherland},
pages={166--172},
}
@inproceedings{1404.1868,
Author = {Vincent Calvez and Pierre Gabriel and St{\'e}phane Gaubert},
Title = {Non-linear eigenvalue problems arising from growth maximization of positive linear dynamical systems},
Year = {2014},
Eprint = {1404.1868},
booktitle={Proceedings of the 53rd IEEE Annual Conference on Decision and Control (CDC), Los Angeles},
pages={1600--1607},
}
@INPROCEEDINGS{ABG2014a,
author={Xavier Allamigeon and Pascal Benchimol and St{\'e}phane Gaubert},
title={The tropical shadow-vertex algorithm solves mean payoff games in polynomial time on average},
year={2014},
booktitle={Proceedings of the 41st International Colloquium on Automata, Languages, and Programming (ICALP)},
series={Lecture Notes in Computer Science},
number={8572},
pages={89-100},
publisher={Springer},
eprint={1406.5433},
}


@INPROCEEDINGS{hochartMTNS,
author={Marianne Akian and St\'ephane Gaubert and Antoine Hochart},
title={Fixed Point Sets of Payment-Free Shapley Operators and Structural
Properties of Mean Payoff Games},
booktitle={Proceedings of the 21st International Symposium on
Mathematical Theory of Networks and Systems,
July 7-11, Groningen, The Netherlands},
year=2014,
pages={1438--1441},
ISBN={978-90-367-6321-},
}
@inproceedings{1411.1211,
Author = {Marianne Akian and St{\'e}phane Gaubert and Antoine Hochart},
Title = {Generic uniqueness of the bias vector of mean payoff zero-sum games},
Year = {2014},
Eprint = {1411.1211},
booktitle={Proceedings of the 53rd IEEE Annual Conference on Decision and Control (CDC), Los Angeles},
pages={1581--1587},
}

@incollection{emergency15,
AUTHOR={Allamigeon, X. and B\oe uf, V. and Gaubert, S},
TITLE={Performance Evaluation of an Emergency Call Center: Tropical Polynomial Systems Applied to Timed Petri Nets},
booktitle={Formal Modeling and Analysis of Timed Systems (FORMATS 2015)},
editor={S. Sankaranarayanan and E. Vicario},
publisher={Springer},
year = 2015,
series={LNCS},
volume={9268},
pages={10-26},
doi={10.1007/978-3-319-22975-1_2},
eprint={1508.06162},
}
@inproceedings{1510.05396,
longAuthor = {Marianne Akian and St{\'e}phane Gaubert and Antoine Hochart},
Author = {M. Akian and S. Gaubert and A. Hochart},
Title = {Hypergraph conditions for the solvability of the ergodic equation for zero-sum games},
Year = {2015},
Eprint = {1510.05396},
booktitle={Proceedings of the 55th IEEE Annual Conference on Decision and Control (CDC), Osaka},
}
