@article {maxplus90a, 
    AUTHOR = {Plus, Max},
note={Max Plus is a collective name for the
                  group comprising, at the time of writing of this
                  article, M. Akian, G. Cohen, S. Gaubert,
                  R. Nikoukhah and J.-P. Quadrat. \href{http://www.cmap.polytechnique.fr/~gaubert/PAPERS/cras1990.pdf}{[pdf]} (from Gallica).},
     TITLE = {L'alg\`ebre {$(\max, +)$} et sa sym\'etrisation ou l'alg\`ebre
              des \'equilibres},
   JOURNAL = {C. R. Acad. Sci. Paris S\'er. II M\'ec. Phys. Chim. Sci.
              Univers Sci. Terre},
  FJOURNAL = {Comptes Rendus de l'Acad\'emie des Sciences. S\'erie II.
              M\'ecanique, Physique, Chimie, Sciences de la Terre et de
              l'Univers},
    VOLUME = {311},
      YEAR = {1990},
    NUMBER = {4},
     PAGES = {443--448},
      ISSN = {0764-4450},
     CODEN = {CRAMED},
   MRCLASS = {90B80 (15A30 93C55)},
  MRNUMBER = {1074073 (91j:90048)},
MRREVIEWER = {D. Opri{\c{s}}},
}

@ARTICLE{gaubert95b,
author={S. Gaubert},
title={Resource Optimization and (min,+) Spectral Theory},
journal={IEEE Trans. on Automatic Control},
year={1995},
month={Nov.},
volume={40},
number={11},
pages={1931--1934},
doi={10.1109/9.471219},
}
@ARTICLE{gaubert95c,
author={S. Gaubert},
title={Performance Evaluation of (max,+) Automata},
journal={IEEE Trans. on Automatic Control},
year={1995},
month={Dec},
volume={40},
number={12},
pages={2014--2025},
doi={10.1109/9.478227},
}
@ARTICLE{gaubert96a,
author={S. Gaubert},
title={On the {B}urnside Problem for Semigroups of Matrices
in the (max,+) Algebra},
journal={Semigroup Forum},
volume={52},
year={1996},
pages={271--292},
doi={10.1007/BF02574104},
}
@ARTICLE{gaugiua96a,
author={S. Gaubert and  A. Giua},
title={Deterministic Weak-and-Marked {P}etri Net Languages are Regular},
journal={IEEE Trans. on Automatic Control}, 
volume=41,
number=12,
month=Dec,
year=1996,
doi={10.1109/9.545718},
}
@ARTICLE{jpq,
author={J.P. Quadrat and M. Plus},
note={M. Plus is a collective name
for M. Akian, G. Cohen, S. Gaubert, M. McGettrick, J.P. Quadrat,
and M. Viot},
title={Min-plus linearity and statistical mechanics},
journal={Markov Processes and Related Fields}, 
volume=3,
number=4,
pages={565--587},
year={1997},
}

@ARTICLE{gauBC96b,
author={S. Gaubert and P. Butkovi\v{c} and R. Cuninghame-Green},
title={Minimal (max,+) Realization of Convex Sequences},
journal={SIAM Journal on Control and Optimization},
month=Jan,
year=1998,
pages={137--147},
volume=36,
number=1,
doi={10.1137/S036301299528534X},
}

@ARTICLE{gg0,
author={S. Gaubert and J. Gunawardena},
title={The Duality Theorem for min-max functions},
journal={C. R. Acad. Sci. Paris.},
volume={326, S\'erie I},
pages={43--48},
year=1998,
doi={10.1016/S0764-4442(97)82710-3},
}
@ARTICLE{CGQ95,
author={G. Cohen and S. Gaubert and J.P. Quadrat},
title={Timed Event Graphs with Multipliers
and Homogeneous Min-Plus Systems},
journal={IEEE Trans. on Automatic Control}, 
volume=43,
number=9,
month=Sep,
year=1998,
pages={1296--1302},
doi={10.1109/9.718621},
}

@ARTICLE{ABG96,
author={M. Akian and R.B. Bapat and S. Gaubert},
title={Asymptotics of the {P}erron Eigenvalue and Eigenvector using Max Algebra},
journal={C. R. Acad. Sci. Paris.},
year={1998},
volume={327, S\'erie I},
pages={927--932},
doi={10.1016/S0764-4442(99)80137-2},
}

@ARTICLE{cgg,
author={S. Gaubert and A. Giua},
title={{P}etri Net Languages and Infinite Subsets of $\mathbb{N}^m$},
journal={J. Comput. System Sci.},
volume=59,
year=1999,
number=3,
pages={373--391},
doi={10.1006/jcss.1999.1634},
}

@ARTICLE{gaumair97a,
author={S. Gaubert and J. Mairesse},
title={Modeling and analysis of timed {P}etri nets using heaps of pieces},
journal={IEEE Trans. Automat. Control}, 
volume={44},
number=4,
pages={683--697},
year=1999,
doi={10.1109/9.754807},
}


@ARTICLE{gg,
author={J. Cochet-Terrasson and S.~Gaubert and J.~Gunawardena},
title={A constructive fixed point theorem for Min-Max Functions},
journal={Dynamics and Stability of Systems},
volume=14,
number=4,
year=1999, 
pages={407--433},
doi={10.1080/026811199281967},
}


@ARTICLE{bg,
author={P. Butkovi\v{c} and S. Gaubert},
title={Sign-nonsingular matrices and matrices with unbalanced determinants
  in symmetrized semirings},
journal={Linear Algebra and Appl.},
volume={301},
year={1999},
pages={195--201},
month={Dec.},
doi={10.1016/S0024-3795(99)00201-3},
}

@ARTICLE{ccggq99,
author={G. Cohen and S. Gaubert and J.P. Quadrat},
title={Max-plus algebra and system theory: where
we are and where to go now},
journal={Annual Reviews in Control}, 
volume=23,
pages={207--219},
year=1999,
doi={10.1016/S1367-5788(99)90091-3},
}

@ARTICLE{bgt,
author={V. Blondel and S. Gaubert and J. N. Tsitsiklis},
title={Approximating the spectral radius of sets
of matrices in the max-algebra is {NP}-hard},
journal={IEEE Trans. on Automatic Control}, 
volume=45,
number=9, 
month=Sep,
year=2000,
pages={1762--1765},
doi={10.1109/9.880644},
}


@ARTICLE{AGK,
AUTHOR={M. Akian and S. Gaubert and V. Kolokoltsov},
TITLE={Invertibility of functional {G}alois connections},
JOURNAL={C. R. Acad. Sci. Paris},
VOLUME={Ser. {I} 335},
PAGES={1--6},
YEAR={2002},
doi={10.1016/S1631-073X(02)02594-3},
}

@ARTICLE{spectral,
AUTHOR={M. Akian and S. Gaubert}, 
TITLE={Spectral Theorem for Convex Monotone Homogeneous Maps, 
and ergodic Control},
YEAR=2003,
JOURNAL={Nonlinear Analysis. Theory, Methods \& Applications},
VOLUME={52},
NUMBER=2,
PAGES={637--679},
eprint={math.SP/0110108}, 
doi={10.1016/S0362-546X(02)00170-0},
}



@ARTICLE{abg04,
author={M. Akian and R. Bapat and S. Gaubert},
title={Perturbation of eigenvalues of matrix pencils and optimal assignment problem},
journal={C. R. Acad. Sci. Paris, S\'erie I},
volume={339},
pages={103--108},
year={2004},
eprint={math.SP/0402438},
doi={10.1016/j.crma.2004.05.001},
}


@ARTICLE{gk03,
author={S. Gaubert and R. Katz},
title={Rational semimodules over the max-plus semiring and geometric approach of discrete event systems},
journal={Kybernetika},
volume=40,
year=2004,
pages={153--180},
eprint={math.OC/0208014},
}



@ARTICLE{cgq02,
author={G. Cohen and S. Gaubert and J.-P. Quadrat},
title={Duality and Separation Theorems in Idempotent Semimodules},
journal={Linear Algebra and Appl.},
volume={379},
pages={395--422},
year={2004},
eprint={math.FA/0212294},
doi={10.1016/j.laa.2003.08.010},
}

@ARTICLE{arxiv1,
AUTHOR={S. Gaubert and J. Gunawardena},
title={The {P}erron-{F}robenius Theorem for Homogeneous, Monotone Functions},
journal={Trans. of AMS},
volume={356},
number={12},
pages={4931-4950},
year={2004},
doi={10.1090/S0002-9947-04-03470-1},
eprint={math.FA/0105091},
}



@ARTICLE{AGW,
author={M. Akian and S. Gaubert and C. Walsh},
title={The max-plus {M}artin boundary},
journal={Documenta Mathematica},
volume={14},
pages={195-240},
url={http://www.math.uni-bielefeld.de/documenta/vol-14/09.html},
year = 2009,
eprint={math.MG/0412408},
}

@ARTICLE{beppo,
author={G. Cohen and S. Gaubert and E. Mancinelli and J.P. Quadrat and E. Rofman},
title={On traffic light control},
journal={Mathematic\ae\ Not\ae, Boletin del Instituto de Matematica "Beppo Levi"}, volume={Ano XLIII}, year=2005, pages={51-62},
note={Universidad Nacional de Rosario Editora, Rosario, Argentina},
}


@ARTICLE{jesa,
author={S. Gaubert},
title={Nonlinear {P}erron-{F}robenius theory and discrete event systems},
journal={JESA},
volume=39,
pages={175--190},
year=2005,
doi={10.3166/jesa.39.175-190},
}

@article {AGLN,
    AUTHOR = {Akian, M. and Gaubert, S. and Lemmens, B. and
              Nussbaum, R.},
     TITLE = {Iteration of order preserving subhomogeneous maps on a cone},
   JOURNAL = {Math. Proc. Cambridge Philos. Soc.},
    VOLUME = {140},
      YEAR = {2006},
    NUMBER = {1},
     PAGES = {157--176},
eprint={math.DS/0410084},
doi={10.1017/S0305004105008832},
}

@article {gk02,
    AUTHOR = {Gaubert, S. and Katz, R. D.},
     TITLE = {Reachability problems for products of matrices in semirings},
   JOURNAL = {Internat. J. Algebra Comput.},
  FJOURNAL = {International Journal of Algebra and Computation},
    VOLUME = {16},
      YEAR = {2006},
    NUMBER = {3},
     PAGES = {603--627},
eprint={math.OC/0310028}, 
doi={10.1142/S021819670600313X},
}
		
@article {asma-art-1,
    AMSAUTHOR = {Akian, Marianne and Gaubert, St{\'e}phane and Lakhoua, Asma},
    AUTHOR = {Akian, M. and Gaubert, S. and Lakhoua, A.},
     TITLE = {The max-plus finite element method for solving deterministic
              optimal control problems: basic properties and convergence
              analysis},
   JOURNAL = {SIAM J. Control Optim.},
  FJOURNAL = {SIAM Journal on Control and Optimization},
    VOLUME = {47},
      YEAR = {2008},
    NUMBER = {2},
     PAGES = {817--848},
      ISSN = {0363-0129},
   MRCLASS = {49L20 (06A15 16Y60 65M60)},
  MRNUMBER = {MR2385864},
url = {http://link.aip.org/link/?SJC/47/817/1},
doi = {10.1137/060655286},
eprint={math.OC/0603619},
}

	
@article{GK06,
author={S. Gaubert and R. Katz},
title={The {M}inkowski Theorem for Max-plus Convex Sets},
year={2007},
journal={Linear Algebra and Appl.},
volume={421},
pages={356--369},
eprint={math.GM/0605078}, 
doi={10.1016/j.laa.2006.09.019},
}
	

@article {cochet-cras,
    AUTHOR = {Cochet-Terrasson, J. and Gaubert, S.},
     TITLE = {A policy iteration algorithm for zero-sum stochastic games
              with mean payoff},
   JOURNAL = {C. R. Math. Acad. Sci. Paris},
  FJOURNAL = {Comptes Rendus Math\'ematique. Acad\'emie des Sciences. Paris},
    VOLUME = {343},
      YEAR = {2006},
    NUMBER = {5},
     PAGES = {377--382},
    note={\hal{inria-00144146}},
doi={10.1016/j.crma.2006.07.011},
}

@ARTICLE{gauser,
author={S. Gaubert and S. Sergeev},
title={Cyclic projectors and separation theorems in idempotent convex geometry},
eprint={0706.3347},
year=2007,
journal={Fundamentalnaya i prikladnaya matematika},
volume={13},
number=4,
pages={33-52},
note={The Engl.\ translation appears in Journal of Mathematical Sciences (Springer, New-York), Vol. 155, No. 6, pp.815--829, 2008},
doi={10.1007/s10958-008-9243-8},
}

@ARTICLE{CGP,
author={J. Clairambault and S. Gaubert and B. Perthame},
title={An inequality for the {P}erron and {F}loquet eigenvalues of monotone differential systems and age structured equations},
eprint={0704.3820},
year={2007},
journal={Comptes Rendus Mathematique},
volume={345},
number={10},
month={November},
pages={549-554},
doi={10.1016/j.crma.2007.10.001}},
}

@ARTICLE{GK08,
author={S. Gaubert and R. Katz},
title={The tropical analogue of polar cones}, 
journal={Linear algebra and Appl.},
volume=431,
number={5-7},
doi={10.1016/j.laa.2009.03.012}, 
eprint={0805.3688},
year={2009},
}


@ARTICLE{ADG,
author={M. Akian and B. David and S. Gaubert},
title={Un th{\'e}or{\`e}me de repr{\'e}sentation des solutions de viscosit{\'e} d'une {\'e}quation d'{H}amilton-{J}acobi-{B}ellman ergodique d{\'e}g{\'e}n{\'e}r{\'e}e sur le tore},
journal={C.R. Acad. Sci. Paris, Ser I},
number={346},
year={2008},
pages={1149-1154},
doi={10.1016/j.crma.2008.09.020}},
}


@article{lepoutre,
author={J. Clairambault and S. Gaubert and T. Lepoutre},
title={Comparison of {P}erron and {F}loquet eigenvalues in age structured cell division cycle models},
mtnote={Also eprint arXiv:0812.0803},
journal={Math. Model. Nat. Phenom.},
myyear=2008,
volume=4,
number=3,
pages={183--209},
year={2009},
doi={10.1051/mmnp/20094308}, 
eprint={0812.0803},
x-international-audience = {yes},
x-editorial-board = {yes},
}

@article {MR2587784,
    AUTHOR = {Butkovi{\v{c}}, P. and Cuninghame-Green, R. A. and Gaubert,
              S.},
     TITLE = {Reducible spectral theory with applications to the robustness
              of matrices in max-algebra},
   JOURNAL = {SIAM J. Matrix Anal. Appl.},
  FJOURNAL = {SIAM Journal on Matrix Analysis and Applications},
    VOLUME = {31},
      YEAR = {2009},
    NUMBER = {3},
     PAGES = {1412--1431},
      ISSN = {0895-4798},
   MRCLASS = {15A80 (15A18)},
  MRNUMBER = {2587784 (2011b:15061)},
MRREVIEWER = {Katar{\'{\i}}na Cechl{\'a}rov{\'a}},
       DOI = {10.1137/080731232},
       MYURL = {http://dx.doi.org/10.1137/080731232},
note={\href{http://www.cmap.polytechnique.fr/~gaubert/PAPERS/Ontherobustnessofmatricesinmaxalgebra13.pdf}{[pdf]}},
}


@ARTICLE{AlGK09,
author={X. Allamigeon and S. Gaubert and R. Katz},
title={The number of extreme points of tropical polyhedra},
journal={J. Comb. Theory Series A},
volume={118},
number=1,
pages={162-189},
doi={10.1016/j.jcta.2010.04.003}, 
eprint={0906.3492},
year={2011},
}

@ARTICLE{SGKatz,
author={S. Gaubert and R. Katz},
title={Minimal half-spaces and external representation of tropical polyhedra},
journal={Journal of Algebraic Combinatorics},
volume=33,
number=3,
pages={325-348},
doi={10.1007/s10801-010-0246-4},  
eprint={0908.1586},
year=2011,
}



@ARTICLE{AGGut10,
author={M. Akian and S. Gaubert and A. Guterman},
title={Tropical polyhedra are equivalent to mean payoff games},
journal={International Journal of Algebra and Computation},
volume={22},
number=1,
pages={125001 (43 pages)},
doi={10.1142/S0218196711006674}, 
eprint={0912.2462},
year=2012,
}

@ARTICLE{LGKL09,
author={M. Di Loreto and S. Gaubert and R. Katz and J-J. Loiseau},
title={Duality between invariant spaces for max-plus linear discrete event systems},
journal={SIAM J. Control Optim.},
volume=48,
number=8,
year={2010},
pages={5606-5628},
doi={10.1137/090747191}, 
eprint={0901.2915},
}


@ARTICLE{GM08,
author={St{\'e}phane Gaubert and Fr\'ed\'eric Meunier},
title={Carath{\'e}odory, {H}elly and the others in the max-plus world},
journal={Discrete and Computational Geometry},
volume={43},
year={2010},
number=3,
pages={648-662},
doi={10.1007/s00454-009-9207-x}, 
eprint={0804.1361v1},
}


@ARTICLE{AGL10,
author={M. Akian and S. Gaubert and B. Lemmens},
title={Stability and convergence in discrete convex monotone dynamical systems}, 
journal={Journal of Fixed Point Theory and Applications},
volume={9},
number=2,
pages={295-325},
doi={10.1007/s11784-011-0052-1}, 
eprint={1003.5346},
year=2011,
}

@ARTICLE{AGK10,
author={X. Allamigeon and S. Gaubert and R. Katz},
title={Tropical polar cones, hypergraph transversals, and mean payoff games},
journal={Linear Algebra and its Applications},
volume={435},
number={7},
pages={1549-1574},
doi={10.1016/j.laa.2011.02.004}, 
eprint={1004.2778},
year=2011,
}

@ARTICLE{CGL10,
author={J. Clairambault and S. Gaubert and T. Lepoutre},
title={Circadian rhythm and cell population growth},
journal={Mathematical and Computer Modelling},
year={2011},
volume=53, number={7-8},
pages={1558--1567},
doi={10.1016/j.mcm.2010.05.034}, 
eprint={1006.3459},
}


@ARTICLE{FG10a,
author={S. Friedland and S. Gaubert},
title={Submodular spectral functions of principal submatrices of a {H}ermitian matrix, extensions and applications},
journal={Linear Algebra and Appl},
volume=438,
number=10, 
pages={3872--3884},
doi={10.1016/j.laa.2011.11.021}, 
eprint={1007.3478},
year=2013,
}



@ARTICLE{portier,
title={The set of realizations of a max-plus linear sequence is semi-polyhedral},
journal={Journal of Computer and System Sciences},
author={V. Blondel and S. Gaubert and N. Portier},
volume={77},
pages={820--833},
doi={10.1016/j.jcss.2010.08.010},
year={2011},
eprint={1010.3685},
}

@ARTICLE{AGNS10,
journal={Linear Algebra and its Applications},
doi={10.1016/j.laa.2011.06.009}, 
eprint={1012.5492},
title={Best approximation in max-plus semimodules},
author={M. Akian and S. Gaubert and V. Nitica and I. Singer},
year=2011,
volume={435},
number=12,
pages={3261--3296},
}


@ARTICLE{GV10,
title={A maximin characterization of the escape rate of nonexpansive mappings in metrically convex spaces},
author={S. Gaubert and G. Vigeral},
year=2012,
volume={152},
pages={341--363},
journal={Math. Proc. of Cambridge Phil. Soc.},
doi={10.1017/S0305004111000673}, 
eprint={1012.4765},
}

@ARTICLE{GKS11,
title={Tropical linear-fractional programming and parametric mean payoff games},
author={St\'ephane Gaubert and Ricardo D. Katz and Sergei Sergeev},
journal={Journal of symbolic computation},
doi={10.1016/j.jsc.2011.12.049}, 
eprint={1101.3431},
year=2012,
volume={47},
number=12,
month={December},
pages={1447-1478},
}

@ARTICLE{mac,
author={S. Gaubert and W. McEneaney},
title={Min-max spaces and complexity reduction in min-max expansions},
journal={Appl. Math. Optim.},
month={June},
year=2012,
volume=65,
number=3,
pages={315--348},
doi={10.1007/s00245-011-9158-5},
}


@ARTICLE{gawlitza,
title={Abstract interpretation meets convex optimization},
author={Thomas Martin Gawlitza and Helmut Seidl and Assal\'e Adj\'e and St\'ephane Gaubert and \'Eric Goubault},
journal={Journal of symbolic computation},
volume=47,
number=12,
month={December},
year=2012,
pages={1416--1446},
note={Special issue on invariant generation and advanced techniques for reasoning about loops}, 
doi={10.1016/j.jsc.2011.12.048},
}

@ARTICLE{adjegaubertgoubaulty11,
author={A. Adje and S. Gaubert and E. Goubault},
title={Coupling policy iteration with semi-definite relaxation to compute accurate numerical invariants in static analysis},
journal={Logical methods in computer science},
volume=8,
number=1,
pages={1-32},
year={2012},
doi={10.2168/LMCS-8(1:1)2012},
eprint={1111.5223},
}

@article{billy,
title={Synchronisation and control of proliferation in cycling cell population models with age structure},
journal={Mathematics and Computers in Simulation},
author={Fr\'ed\'erique Billy and Jean Clairambault and Olivier Fercoq and St{\'e}phane Gaubert and Thomas Lepoutre and Thomas Ouillon and Shoko Saitoh},
volume=96,
year=2014, 
pages={66--94},
note={\halgen{00662885}},
doi={10.1016/j.matcom.2012.03.005},
}

@ARTICLE{zheng2012,
author={St\'ephane Gaubert and Zheng Qu},
title={The contraction rate in {T}hompson's part metric of order-preserving flows on a cone - application to generalized {R}iccati equations},
year={2014},
eprint={1206.0448},
journal={Journal of Differential Equations},
doi={10.1016/j.jde.2014.01.024},
volume={256},
number={8},
pages={2902--2948},
}

@ARTICLE{SG10a,
author={S. Gaubert and S. Sergeev},
title={The level set method for the two-sided max-plus eigenproblem},
oldnote={Published online 25 May 2012},
doi={10.1007/s10626-012-0137-z}, 
eprint={1006.5702},
journal={J. Disc. Event Dyn. Syst.},
year=2013,
volume=23,
number=2,
pages={105-134},
}

@ARTICLE{AlGG09,
author={X. Allamigeon and S. Gaubert and E. Goubault},
title={Computing the Vertices of Tropical Polyhedra using Directed Hypergraphs},
journal={Discrete Comp. Geom.},
doi={10.1007/s00454-012-9469-6}, 
eprint={0904.3436v3},
year=2013,
volume=49,
number=2,
pages={247-279},
}


@ARTICLE{Fercoq10,
mynote={Published on line},
eprint={1011.2348},
title={Ergodic Control and Polyhedral approaches to PageRank Optimization},
author={O. Fercoq and M. Akian and M. Bouhtou and S. Gaubert},
journal={IEEE-TAC},
year=2013,
pages={134--148},
number=1,
volume=58,
doi={10.1109/TAC.2012.2226103},
}


@ARTICLE{bolte2013,
author={J\'er\^ome Bolte and St\'ephane Gaubert and Guillaume Vigeral},
title={Definable zero-sum stochastic games},
year={2014},
journal={Mathematics of Operations Research},
doi={10.1287/moor.2014.0666},
volume=40,
number=1,
pages={171--191},
eprint={1301.1967},
}


@ARTICLE{FGH09,
author={S. Friedland and S. Gaubert and L. Han},
title={{P}erron-{F}robenius theorem for nonnegative multilinear forms and extensions},
year={2013},
volume={438},
number={2},
pages={738--749},
mynote={(Published on line 2011)},
doi={10.1016/j.laa.2011.02.042}, 
eprint={0905.1626},
journal={Linear Algebra and its Applications},
}
@ARTICLE{AGG2014a,
author={A. Adje and S. Gaubert and E. Goubault},
title={Computing the smallest fixed point of order-preserving nonexpansive mappings arising in positive stochastic games and static analysis of programs},
journal={Journal of Mathematical Analysis and Applications},
volume=410,
number=1,
pages={227--240}, 
doi={10.1016/j.jmaa.2013.07.076},
year={2014},
}
@ARTICLE{AGM2014a,
author={Marianne Akian and St\'ephane Gaubert and Andrea Marchesini},
title={Tropical bounds for eigenvalues of matrices},
journal={Linear Algebra and its Applications},
year={2014},
volume=446,
pages={281--303}, 
eprint={1309.7319},
doi={10.1016/j.laa.2013.12.021},
}

@ARTICLE{uli2013,
author={X. Allamigeon and U. Fahrenberg and S. Gaubert and A. Legay and R. Katz},
eprint={1308.2122},
doi={10.1142/S0218196714500258},
title={Tropical {F}ourier-{M}otzkin elimination, with an application to real-time verification},
year={2014},
journal={International Journal of Algebra and Computation},
volume=24,
number=5,
year=2014,
pages={569--607},
}
@ARTICLE{gaubertquIEuli2013,
author={S. Gaubert and Z. Qu},
eprint={1307.4649},
title={Dobrushin's ergodicity coefficient for {M}arkov operators on cones},
year={2015},
volume={81},
number=1,
pages={127-150},
journal={Integral Equations and Operator Theory},
@note={published on line Nov 25, 2014},
doi={10.1007/s00020-014-2193-2},
}

@ARTICLE{magron2014mpb,
author={Victor Magron and Xavier Allamigeon and St{\'e}phane Gaubert and Benjamin Werner},
year={2015},
title={Certification of real inequalities: templates and sums of squares},
journal={Mathematical Programming Ser.\ B},
doi={10.1007/s10107-014-0834-5},
pages={477--506},
number=2,
volume=151,
}

@article{jfr14,
  title = {{Formal proofs for Nonlinear Optimization}},
  author = {Victor Magron and Xavier Allamigeon and St{\'e}phane Gaubert and  Benjamin Werner},
  journal = {Journal of Formalized Reasoning},
  year = {2015},
  volume = {8},
  pages = {1-24},
  number = {1},
  http = {http://arxiv.org/abs/1404.7282},
doi={10.6092/issn.1972-5787/4319},
}
@ARTICLE{benchimol2013,
author={X. Allamigeon and P. Benchimol and S. Gaubert and M. Joswig},
eprint={1308.0454},
title={Tropicalizing the Simplex Algorithm},
year={2015},
volume={29},
number=2,
pages={751--795},
journal={SIAM J. Disc. Math.},
doi={10.1137/130936464},
}

@ARTICLE{lepoutre2013,
author={St\'ephane Gaubert and Thomas Lepoutre},
title={Discrete limit and monotonicity properties of the {F}loquet eigenvalue in an age structured cell division cycle model},
year={2015},
eprint={1301.2151},
note={Published on line},
doi={10.1007/s00285-015-0874-3},
journal={J. Math. Biol.},
}

@ARTICLE{cansolve,
author={Xavier Allamigeon and Pascal Benchimol and St{\'e}phane Gaubert and Michael Joswig},
title={Combinatorial simplex algorithms can solve mean payoff games},
year={2015},
eprint={1309.5925},
journal={SIAM J. Opt.},
doi={10.1137/140953800},
volume=24,
number=4,
pages={2096--2117},
}

@ARTICLE{agn12,
author={M. Akian and S. Gaubert and R. Nussbaum},
title={Uniqueness of the fixed point of nonexpansive semidifferentiable maps},
eprint={1201.1536},
year=2015,
note={Published on line},
journal={Trans. of AMS},
doi={10.1090/S0002-9947-2015-06413-7},
}
@article{1405.4658,
Author = {Marianne Akian and St{\'e}phane Gaubert and Antoine Hochart},
Title = {Ergodicity conditions for zero-sum games},
Year = {2015},
eprint = {1405.4658},
volume={35},
number=9,
pages={3901--3931},
doi={10.3934/dcds.2015.35.3901},
journal={Discrete and Continuous Dynamical Systems, series A}, 
}
@ARTICLE{UnitaryGroup,
author={S. Gaubert and Z. Qu and S. Sridharan},
title={Maximizing concave piecewise affine functions on the unitary group},
year={2015},
journal={Optimization Letters},
note={Published on line},
doi={10.1007/s11590-015-0951-y},
}


@article{heltonnie,
title = "The tropical analogue of the {H}elton--{N}ie conjecture is true",
journal = "Journal of Symbolic Computation",
volume = "91",
pages = "129 - 148",
year = "2019",
note = "MEGA 2017, Effective Methods in Algebraic Geometry, Nice (France), June 12-16, 2017.",
issn = "0747-7171",
doi = "https://doi.org/10.1016/j.jsc.2018.06.017",
url = "http://www.sciencedirect.com/science/article/pii/S0747717118300828",
author = "Xavier Allamigeon and St{\'e}phane Gaubert and Mateusz Skomra",
keywords = "Convex algebraic geometry, Spectrahedra, Nonarchimedean fields, Tropical geometry, Semidefinite programming",
abstract = "Helton and Nie conjectured that every convex semialgebraic set over the field of real numbers can be written as the projection of a spectrahedron. Recently, Scheiderer disproved this conjecture. We show, however, that the following result, which may be thought of as a tropical analogue of this conjecture, is true: over a real closed nonarchimedean field of Puiseux series, the convex semialgebraic sets and the projections of spectrahedra have precisely the same images by the nonarchimedean valuation. The proof relies on game theory methods."
}

@ARTICLE{xasgmsissacjsc,
author={X. Allamigeon and S. Gaubert and M. Skomra},
title={Solving Generic Nonarchimedean Semidefinite Programs Using Stochastic Game Algorithms},
oldnote={A preliminary version of this work appeared in the Proceedings of ISSAC},
year={2018},
doi={10.1016/j.jsc.2017.07.002},
journal={Journal of Symbolic Computation},
pages={25--54},
volume=85,
eprint={1603.06916},
}

@article{1610.06746,
Author = {Xavier Allamigeon and St\'ephane Gaubert and Mateusz Skomra},
Title = {Tropical spectrahedra},
Year = {2020},
Eprint = {1610.06746},
journal={Discrete Comput. Geom.},
doi={10.1007/s00454-020-00176-1},
volume=63,
pages={507-548},
}

