
@ARTICLE{ABG96, 
category=1,
author={M. Akian and R.B. Bapat and S. Gaubert},
title={Asymptotics of the {P}erron Eigenvalue and Eigenvector using Max Algebra},
journal={C. R. Acad. Sci. Paris.},
year={1998},
volume={327, S\'erie I},
pages={927--932},
url={http://hal.inria.fr/inria-00073240},
}

@BOOK{dubreil53,
author={M.L. Dubreil-Jacotin and L. Lesieur and R. Croisot},
title={Le\c{c}ons sur la Th\'eorie des Treillis, des Structures
Alg\'ebriques Ordonn\'ees, et des Treillis g\'eom\'etriques},
publisher={Gauthier Villars}, 
series={Cahiers Scientifiques},  
volume={XXI},
address={Paris},
year={1953},
}

@BOOK{blyth72,
author={T.S. Blyth and M.F. Janowitz},
 title={Residuation Theory},
publisher={Pergamon press},
year={1972},}


@BOOK{cuning,
author={R.A. Cuninghame-Green}, 
title={Minimax Algebra},
series={Lecture notes in Economics and Mathematical Systems},
number={166},
publisher={Springer}, 
year={1979},
}

@BOOK{gondran79,
author={M. Gondran and M. Minoux},
title={Graphes et algorithmes},
publisher={Eyrolles},
address={Paris},
year={1979},
note={Engl. transl. {\em Graphs and Algorithms}, Wiley, 1984},
}

@ARTICLE{romanovski,
author={I.V. Romanovski{\u\i}},
title={Optimization of stationary control of discrete deterministic
process in dynamic programming},
journal={Kibernetika},
volume={3},
number={2},
year={1967},
pages={66-78},
}

@article{quadrat90, 
author={{J.-P.} Quadrat},
title={Th\'eor\`emes asymptotiques en programmation dynamique},
journal={Comptes Rendus Acad. Sci.},
year={1990},
number={311},
pages={745-748}
}

@BOOK{maslov92,
AUTHOR={V.P. Maslov and S.N. Samborski{\u\i}}, 
TITLE={Idempotent analysis},
PUBLISHER={Amer. Math. Soc.},
YEAR=1992,
ADDRESS={Providence},
VOLUME=13,
SERIES={Advances In Soviet Mathematics}
}

@BOOK{maslovkolokoltsov95,
author={V.N. Kolokoltsov and V.P. Maslov},
title={Idempotent analysis and applications},
publisher={Kluwer Acad. Publisher},
year={1997},
}

@article {gondran96,
    AMSAUTHOR = {Gondran, Michel},
AUTHOR = {Gondran, M.},
     TITLE = {Analyse {M}{I}{N}{P}{L}{U}{S}},
   JOURNAL = {C. R. Acad. Sci. Paris S\'er. I Math.},
  FJOURNAL = {Comptes Rendus de l'Acad\'emie des Sciences. S\'erie I.
              Math\'ematique},
    VOLUME = {323},
      YEAR = {1996},
    NUMBER = {4},
     PAGES = {371--375},
      ISSN = {0764-4442},
     CODEN = {CASMEI},
   MRCLASS = {46N10 (46S99 49N15)},
  MRNUMBER = {97e:46103},
}


@ARTICLE{litvinov00,
author={G.L. Litvinov and V.P. Maslov and G.B. Shpiz},
title={Idempotent functional analysis: an algebraic approach},
volume={69},
number={5},
year={2001},
journal={Math. Notes},
pages={696--729},
url={http://arxiv.org/abs/math.FA/0009128},
}

@BOOK{maslov73, 
author={V.P. Maslov},
title={M\'ethodes Operatorielles},
publisher={Edition Mir},
address={Moscou},
year={1987},
}

@BOOK{tolya01,
title={Large Deviations and Idempotent Probability},
longauthor={Anatoly Puhalski{\u\i}},
author={A. Puhalski{\u\i}},
year={2001},
publisher={Chapman \& Hall},
series={Monographs and Surveys in Pure
and Applied Mathematics},
number={119},
}

@ARTICLE{griffiths,
author={W. Chou and R.B. Griffiths},
title={Ground states of one dimensional systems using effective
potentials},
journal={Phys. Rev. B},
volume={34},
pages={6219--34},
year={1986},
}

@article {krein,
    AUTHOR = {Kre{\u\i}n, M.G. and Rutman, M.A.},
     TITLE = {Linear operators leaving invariant a cone in a {B}anach space},
   JOURNAL = {Amer. Math. Soc. Translation},
    VOLUME = {1950},
      YEAR = {1950},
    NUMBER = {26},
     PAGES = {128},
   MRCLASS = {46.3X},
  MRNUMBER = {12,341b},
}

@ARTICLE{nuss88,
amsauthor={Nussbaum, Roger D.},
author={Nussbaum, R.D.},
title={Hilbert's projective metric and iterated nonlinear maps},
journal={Memoirs of the AMS},
volume=75,
number=391,
year=1988,
}

@book {bapat97,
    AUTHOR = {R.B. Bapat and T.E.S. Raghavan},
     TITLE = {Nonnegative matrices and applications},
 PUBLISHER = {Cambridge university press},
collection={Encyclopedia of mathematics and its applications},
number=64,
pages={XIII+336},
      YEAR = 1997
}

@book {morishima,
    AMSAUTHOR = {Morishima, Michio},
AUTHOR = {Morishima, M.},
     TITLE = {Equilibrium, stability, and growth: {A} multi-sectoral
              analysis},
 PUBLISHER = {Clarendon Press, Oxford},
      YEAR = {1964},
     PAGES = {xii+227},
   MRCLASS = {90.10},
  MRNUMBER = {32 \#1006},
MRREVIEWER = {A. Charnes},
}

@article {sorin,
    AMSAUTHOR = {Rosenberg, Dinah and Sorin, Sylvain},
AUTHOR = {Rosenberg, D. and Sorin, S.},
     TITLE = {An operator approach to zero-sum repeated games},
   JOURNAL = {Israel J. Math.},
  FJOURNAL = {Israel Journal of Mathematics},
    VOLUME = {121},
      YEAR = {2001},
     PAGES = {221--246},
      ISSN = {0021-2172},
     CODEN = {ISJMAP},
  MRNUMBER = {1 818 389},
}


@INPROCEEDINGS{simon78,
author={I. Simon},
title={Limited subsets of the free monoid},
booktitle={Proc. of the 19th Annual Symposium on Foundations of Computer Science},
year={1978},
pages={143--150},
publisher={IEEE},
}


@ARTICLE{hashiguchi90,
author={Hashiguchi, K.},
title={Improved limitedness theorems on finite automata with distance
functions},
journal={Theoret. Comput. Sci.},
volume={72},
year={1990},
pages={27--38},
}

@ARTICLE{simon94,
title={On semigroups of matrices over the tropical semiring},
author={Simon, I.},
journal={Theor. Infor. and Appl.},
year={1994},
volume={28},
number={3-4},
pages={277--294},
}

@ARTICLE{krob93b,
author={D. Krob},
title={The equality problem for rational series with multiplicities
in the tropical semiring is undecidable},
journal={Int. J. of Algebra and Comput.},
volume={3},
year={1993},
}

@INCOLLECTION{pin95,
author={J.-E. Pin},
title={Tropical Semirings},
booktitle={Idempotency},
editor={J. Gunawardena},
series={Publications of the Isaac Newton Institute},
publisher={Cambridge University Press},
year={1998},
}

@article {fomin,
    mrnumber={MR1887642},
    mrAUTHOR = {Fomin, Sergey and Zelevinsky, Andrei},
    AUTHOR = {Fomin, S. and Zelevinsky, A.},
     TITLE = {Cluster algebras. {I}. {F}oundations},
   JOURNAL = {J. Amer. Math. Soc.},
  FJOURNAL = {Journal of the American Mathematical Society},
    VOLUME = {15},
      YEAR = {2002},
    NUMBER = {2},
     PAGES = {497--529 (electronic)},
      ISSN = {0894-0347},
   MRCLASS = {16S99 (14M99 17B99)},
  MRNUMBER = {MR1887642 (2003f:16050)},
MRREVIEWER = {Eric N. Sommers},
url={http://arxiv.org/abs/math.RT/0104151},
}


@INPROCEEDINGS{berenstein,
title={The Robinson-Schensted-Knuth bijection, quantum matrices,
and piece-wise linear combinatorics},
longauthor={Arkady Berenstein and Anatol N. Kirillov},
author={A. Berenstein and A. N. Kirillov},
booktitle={Proceedings of FPSAC'01},
year={2001},
}

@ARTICLE{gondran77,
author={M. Gondran and M. Minoux}, 
title={Valeurs propres et vecteurs propres dans les dio\"\i des
et leur interpr\'etation en th\'eorie des graphes},
journal={EDF, Bulletin de la Direction des Etudes et Recherches,
Serie C, Math\'ematiques Informatique}, 
volume={2},
pages={25-41},
year={1977},
}



@article {bapat98,
    AUTHOR = {Bapat, R.B.},
     TITLE = {A max version of the {P}erron-{F}robenius theorem},
 BOOKTITLE = {Proceedings of the Sixth Conference of the International
              Linear Algebra Society (Chemnitz, 1996)},
   JOURNAL = {Linear Algebra Appl.},
  FJOURNAL = {Linear Algebra and its Applications},
    VOLUME = {275/276},
      YEAR = {1998},
     PAGES = {3--18},
      ISSN = {0024-3795},
     CODEN = {LAAPAW},
  MRNUMBER = {99d:15017},
MRREVIEWER = {Marc Artzrouni},
}

@TECHREPORT{salut90, 
author={P. {Del Moral} and T. Thuillet and G. Rigal and G. Salut},
title={Optimal versus random processes : the nonlinear case},
type={Rapport de recherche},
institution={LAAS},
year=1990,
}

@BOOK{chretienne83,
author={P. Chretienne},
title={Les R\'eseaux de {P}etri Temporis\'es},
publisher={Th\`ese Universit\'e Pierre et Marie Curie (Paris VI)}, 
address={Paris},
year={1983},}


@TECHREPORT{cohen83,
author={G. Cohen and D. Dubois and J.-P. Quadrat and M. Viot},
title={Analyse du comportement p\'{e}riodique
des syst\`{e}mes de production par la th\'{e}orie des dio\"\i des},
institution={INRIA},
number={191},
address={Le Chesnay, France},
type={Rapport de recherche},
url={http://hal.inria.fr/inria-00076367},
year={1983},}

@INPROCEEDINGS{bgj98a,
longauthor={Albert Benveniste and St\'ephane Gaubert and Claude Jard},
author={A. Benveniste and S. Gaubert and C. Jard},
title={Monotone rational series and max-plus algebraic models
of real-time systems},
booktitle={Proc. of the Fourth Workshop on Discrete Event Systems (WODES98)},
publisher={IEE},
address={Cagliari, Italy},
year={1998},
}

@ARTICLE{leung91,
author={H. Leung},
title={Limitedness theorem on finite automata with distance function:
an algebraic proof},
journal={Theoret. Comput. Sci},
year={1991},
volume={81},
pages={137--145},
}

@PHDTHESIS{lente,
longauthor={Christophe Lent\'e},
author={C. Lent\'e},
title={Analyse max-plus des probl\`emes d'ordonnancement de type flowshop},
school={Universit\'e de Tours},
year={2001},
month={November},
type={Th\`ese},
}

@BOOK{Zimmermann.K,
author={K. Zimmermann},
title={Extrem\'aln\'\i\ Algebra}, 
publisher={Ekonomick\'y \`ustav $\check{C}$SAV}, 
address={Praha},
year={1976},
note={(in Czech)},
}

@BOOK{Zimmermann.U,
author={U. Zimmermann},
title={Linear and Combinatorial Optimization
in Ordered Algebraic Structures}, 
publisher={North Holland}, 
year={1981},
collection={Annals of Discrete Mathematics}
}


@incollection {gondran84,
    AUTHOR = {Gondran, M. and Minoux, M.},
     TITLE = {Linear algebra in dioids: a survey of recent results},
 BOOKTITLE = {Algebraic and combinatorial methods in operations research},
    SERIES = {North-Holland Math. Stud.},
    VOLUME = {95},
     PAGES = {147--163},
 PUBLISHER = {North-Holland},
   ADDRESS = {Amsterdam},
      YEAR = {1984},
   MRCLASS = {08A02 (16A78)},
  MRNUMBER = {MR780019 (86c:08001)},
}


@INPROCEEDINGS{maxplus90b, 
author={M. Plus},
title={Linear systems in $(\max,+)$-algebra},
booktitle={Proceedings of the 29th Conference on Decision and Control},
year={1990},
address={Honolulu},
month={Dec.},
}


@PHDTHESIS{burns,
title={Performance analysis and optimization of asynchronous circuits},
longauthor={Steven Morgan Burns},
author={S.M. Burns},
school={Caltech},
year=1990,
type={{PhD} Thesis},
}




@ARTICLE{hillion89a,
author={H.P. Hillion  and J.M. Proth},
title={Performance Evaluation of Job-shop Systems using Timed Event-Graphs},
journal={IEEE Trans. on Automatic Control},
volume={34},
number={1}, 
pages={3-9}, 
month={Jan},
year={1989},
}


@PHDTHESIS{braker93,
author={H. Braker},
title={Algorithms and Applications in Timed Discrete Event Systems},
year={1993},
month={Dec},
school={Delft University of Technology},
}

@ARTICLE{elina,
author={P. Lotito and E. Mancinelli and J.-P. Quadrat},
title={A minplus derivation of the fundamental car-traffic law},
year={2005},
journal={IEEE TAC},
volume=50,
pages={699-705},
number={5},
url={http://hal.inria.fr/inria-00072263},
}

@ARTICLE{elina2,
myauthor={Mancinelli, Elina and Cohen, Guy and Gaubert, St\'ephane and Quadrat, Jean-Pierre and Rofman, Edmundo},
author={Mancinelli, E. and Cohen, G. and Gaubert, S. and Quadrat, J.-P. and Rofman, E.},
title={On Traffic Light Control},
journal={Mathematic\ae Not\ae, Boletin del Instituto de Matematica "Beppo Levi"},
volume={XLIII},
pages={51-62},
year=2005,
publisher={Universidad Nacional de Rosario Editora, Rosario, Argentina},
url={http://hal.inria.fr/inria-00072311},
}

@ARTICLE{comet,
title={Application of max-plus algebra to biological sequence comparison},
author={J.-P. Comet},
journal={Theor. Comput. Sci., Special issue on max-plus algebras},
volume=293,
pages={189--217},
year=2003,
}


@PHDTHESIS{cochet,
title={Algorithmes d'it\'eration sur les politiques pour les applications
monotones contractantes},
type={Th\`ese, sp\'ecialit\'e Math\'ematiques et Automatique},
school={\'Ecole des Mines},
year={2001},
month={Dec.},
author={J. Cochet-Terrasson}
}



@ARTICLE{fleming,
author={W.H. Fleming and W.M. McEneaney},
year={2000},
title={A max-plus based algorithm for an HJB equation of non-linear filtering},
journal={SIAM J. Control and Opt.},
voume={38},
pages={683--710},
}



@incollection {mikhalkinamoebas,
 mrnumber={MR2102998},
    mrAUTHOR = {Mikhalkin, Grigory},
    AUTHOR = {Mikhalkin, G.},
     TITLE = {Amoebas of algebraic varieties and tropical geometry},
 BOOKTITLE = {Different faces of geometry},
    SERIES = {Int. Math. Ser. (N. Y.)},
    VOLUME = {3},
     PAGES = {257--300},
 PUBLISHER = {Kluwer/Plenum, New York},
      YEAR = {2004},
   MRCLASS = {14P25 (14N10 14N35)},
  MRNUMBER = {MR2102998 (2005m:14110)},
MRREVIEWER = {Jean-Yves Welschinger},
url={http://arxiv.org/abs/math.AG/0403015},
}
		

@incollection {viro,
  mrnumber={MR1905317},
    mrAUTHOR = {Viro, Oleg},
   AUTHOR = {Viro, O.},
     TITLE = {Dequantization of real algebraic geometry on logarithmic
              paper},
 BOOKTITLE = {European Congress of Mathematics, Vol. I (Barcelona, 2000)},
    SERIES = {Progr. Math.},
    VOLUME = {201},
     PAGES = {135--146},
 PUBLISHER = {Birkh\"auser},
   ADDRESS = {Basel},
      YEAR = {2001},
   MRCLASS = {14P25},
  MRNUMBER = {MR1905317 (2003f:14067)},
MRREVIEWER = {Sergey M. Finashin},
url={http://arxiv.org/abs/math.AG/0005163},
}
		





@BOOK{gondran02,
author={M. Gondran and M. Minoux},
title={Graphes, Dio\"\i des et semi-anneaux},
year=2002,
publisher={TEC \& DOC},
address={Paris},
}





@BOOK{cao84,
author={Z.Q. Cao and K.H. Kim and F.W. Roush},
title={Incline algebra and applications},
publisher={Ellis Horwood},
year={1984},
}




@ARTICLE{Nuss-Mallet,
longauthor={J. Mallet-Paret and Roger Nussbaum},
author={J. Mallet-Paret and R.D. Nussbaum},
title={Eigenvalues for a Class of Homogeneous Cone Maps Arising from Max-Plus Operators},
year={2002},
volume=8,
number=3,
month={July},
pages={519--562},
journal={Discrete and Continuous Dynamical Systems},
}




@ARTICLE{gg0,
author={S. Gaubert and J. Gunawardena},
title={The Duality Theorem for min-max functions},
journal={C. R. Acad. Sci. Paris.},
volume={326, S\'erie I},
pages={43--48},
year=1998,
}




@BOOK{ACA,
longauthor={Ivan Singer},
author={I. Singer},
year={1997},
title={Abstract convex analysis},
publisher={Wiley},
}


@BOOK{rubinov,
author={A.M. Rubinov},
title={Abstract convexity and global optimization},
publisher={Kluwer},
year={2000},
}


@article {vorobyev,
    AMSAUTHOR = {Vorobyev, Nikola{\u{\i}} Nikolaevi{\v{c}}},
AUTHOR = {Vorobyev, N.N.},
     TITLE = {Extremal algebra of positive matrices},
   JOURNAL = {Elektron. Informationsverarbeit. Kybernetik},
    VOLUME = {3},
      YEAR = {1967},
     PAGES = {39--71},
note={in russian}
}

@article{walshgunawardena,
   author = {J. Gunawardena and C. Walsh},
   title = "Iterates of Maps which are Non-expansive in {H}ilberts's Metric",
   journal = "Kybernetika",
volume=39,
number=2,
pages={193--204},
   year = 2003,
   }



@PHDTHESIS{bacaer,
longauthor={Nicolas Baca\"er},
author={N. Baca\"er},
title={Perturbations singuli\`eres et th\'eorie spectrale min-plus},
type={Th\`ese de doctorat},
school={Universit\'e Paris 6},
year={2002},
month={January},
}

@PHDTHESIS{maigat,
longauthor={Pierre {Le Maigat}},
author={P. {Le Maigat}},
title={Techniques alg\'ebriques Max-Plus pour l'analyse des performances temporelles de syst\`emes concurrents},
type={Th\`ese de doctorat},
school={Universit\'e Rennes 1},
year={2002},
month={September},
}

@article {sturmfels,
    AMSAUTHOR = {Develin, Mike and Sturmfels, Bernd},
AUTHOR = {Develin, M. and Sturmfels, B.},
     TITLE = {Tropical convexity},
   JOURNAL = {Doc. Math.},
  FJOURNAL = {Documenta Mathematica},
    VOLUME = {9},
      YEAR = {2004},
     PAGES = {1--27 (electronic)},
      ISSN = {1431-0643},
   MRCLASS = {52A30 (52B10)},
  MRNUMBER = {2 054 977},
}

@inproceedings{MRTT53,
  author = {T.S. Motzkin and H. Raiffa and G.L. Thompson and R.M. Thrall},
  title = {The double description method},
  booktitle = {Contributions to the Theory of Games},
  year = {1953},
  editor = {H.W. Kuhn and A.W. Tucker},
  volume = {II},
  pages = {51-73},
}

@INPROCEEDINGS{tcp,
author={F. Baccelli and D. Hong},
title={{TCP} is max-plus linear and what it tells us on its throughput},
booktitle={Proceedings of the conference on Applications, Technologies, Architectures, and Protocols for Computer Communication},
pages={219-230},
year=2000,
}



@ARTICLE{crandall,
author={M.G. Crandall and L. Tartar},
title={Some relations between non expansive and order preserving maps},
journal={Proceedings of the AMS}, 
volume=78,
number=3,
pages={385--390},
year=1980,
}


@article {samborskinew,
    AUTHOR = {Samborski{\u\i}, S.N.},
     TITLE = {Extensions of differential operators and nonsmooth solutions
              of differential equations},
   JOURNAL = {Kibernet. Sistem. Anal.},
  FJOURNAL = {Natsional\cprime naya Akademiya Nauk Ukrainy. Institut
              Kibernetiki im. V. M. Glushkova. Kibernetika i Sistemny\u\i\
              Analiz},
      YEAR = {2002},
    NUMBER = {3},
     PAGES = {163--180, 192},
      ISSN = {0023-1274},
   MRCLASS = {34A09 (49L25)},
  MRNUMBER = {2004h:34009},
MRREVIEWER = {Andrzej Nowakowski},
}

@ARTICLE{fathi97b,
author={A. Fathi},
title={Solutions {KAM} faibles et th\'eorie de {M}ather sur les syst\`emes lagrangiens},
journal={C. R. Acad. Sci. Paris, S\'er. I Math.},
year=1997,
pages={1043--1046},
volume=324,
number=9,
}

@proceedings {MR2004h:91004,
     TITLE = {Stochastic games and applications},
    SERIES = {NATO Science Series C: Mathematical and Physical Sciences},
    VOLUME = {570},
 BOOKTITLE = {Proceedings of the Nato Advanced Study Institute held in Stony
              Brook, NY, July 7--17, 1999},
    AMSEDITOR = {Neyman, Abraham and Sorin, Sylvain},
EDITOR = {Neyman, A. and Sorin, S.},
 PUBLISHER = {Kluwer Academic Publishers},
   ADDRESS = {Dordrecht},
      YEAR = {2003},
     PAGES = {x+473},
      ISBN = {1-4020-1492-9},
   MRCLASS = {91-02 (91-06 91A15)},
  MRNUMBER = {2004h:91004},
}

@BOOK{chang,
author={C.-S. Chang},
title={Performance guarantees in Communication networks},
publisher={Springer},
year={2000},
}


@BOOK{leboudec,
author={J-Y. {Le Boudec} and P. Thiran},
title={Network calculus},
series={LNCS},
number={2050},
publisher={Springer}, 
year={2001},
}


@BOOK{gelfand,
lauthor={I.M. Gelfand and M.M. Kapranov and A.V. Zelevinsky},
author={I. Gelfand and M. Kapranov and A. Zelevinsky},
title={Discriminants, resultants, and multidimensional determinants},
collection={Mathematics: Theory \& Applications},
publisher={Birkh\"auser},
year=1994,
}

@ARTICLE{sturmfelsspeyer,
 AMSAUTHOR = {Speyer, David and Sturmfels, Bernd},
 AUTHOR = {Speyer, D. and Sturmfels, B.},
     TITLE = {The tropical {G}rassmannian},
   JOURNAL = {Adv. Geom.},
  FJOURNAL = {Advances in Geometry},
    VOLUME = {4},
      YEAR = {2004},
    NUMBER = {3},
     PAGES = {389--411},
      ISSN = {1615-715X},
     CODEN = {AGDEA3},
   MRCLASS = {14P99 (13J30 14M25)},
  MRNUMBER = {2 071 813},
}



@ARTICLE{olsder,
author={G.J. Olsder},
title={Eigenvalues of dynamic max-min systems},
journal={Discrete Event Dyn. Syst.},
volume=1,
number=2,
pages={177-207},
year={1991},
}

@ARTICLE{mxpnxp0,
author={J. Gunawardena},
title={From max-plus algebra to nonexpansive maps: a nonlinear theory for
  discrete event systems},
journal={Theoretical Computer Science}, 
volume=293,
pages={141--167},
year=2003,
}


@PHDTHESIS{katz,
author={R.D. Katz},
title={Problemas de alcanzabilidad e invariancia en el \'algebra max-plus},
year=2003,
month={Noviembre},
type={Tesis doctoral},
address={Argentina},
school={Universidad Nacional de Rosario},
}


@ARTICLE{butkovic,
author={P. Butkovi{\v{c}}},
title={Max-algebra: the linear algebra of combinatorics?},
journal={Linear Algebra and Appl.},
volume=367,
year=2003,
pages={313-335},
}

@ARTICLE{lasserre,
author={Lasserre, J.-B},
title={Generating functions and duality for integer programs},
journal={Discrete Optimization},
year=2004,
pages={167--187},
}



@incollection {moralidem,
    AMSAUTHOR = {Del Moral, Pierre},
AUTHOR = {Del Moral, P.},
     TITLE = {Maslov optimization theory: topological aspects},
 BOOKTITLE = {Idempotency (Bristol, 1994)},
    SERIES = {Publ. Newton Inst.},
    VOLUME = {11},
     PAGES = {354--382},
 PUBLISHER = {Cambridge Univ. Press},
   ADDRESS = {Cambridge},
      YEAR = {1998},
   MRCLASS = {90C15},
  MRNUMBER = {99d:90079},
MRREVIEWER = {Kurt Marti},
}


@article {newz,
    AMSAUTHOR = {Zimmermann, Karel},
AUTHOR = {Zimmermann, K.},
     TITLE = {Disjunctive optimization, max-separable problems and extremal
              algebras},
      NOTE = {Max-plus algebras},
   JOURNAL = {Theoret. Comput. Sci.},
  FJOURNAL = {Theoretical Computer Science},
    VOLUME = {293},
      YEAR = {2003},
    NUMBER = {1},
     PAGES = {45--54},
      ISSN = {0304-3975},
     CODEN = {TCSDI},
   MRCLASS = {90C30},
  MRNUMBER = {2003m:90126},
MRREVIEWER = {Marcos Raydan},
}

@INPROCEEDINGS{ccggq98,
title={Numerical computation of spectral elements in max-plus
		  algebra},
longauthor={Jean Cochet-Terrasson and Guy Cohen and St\'ephane Gaubert
and Michael Mc Gettrick and Jean-Pierre Quadrat},
author={J. Cochet-{T}errasson and G. Cohen and S. Gaubert
and M. {Mc Gettrick} and J.-P. Quadrat},
year={1998},
booktitle={Proc. of the IFAC Conference on System Structure and
		  Control},
address={Nantes},
month={July},
}


@INPROCEEDINGS{agl,
author={M. Akian and S. Gaubert and A. Lakhoua},
title={A max-plus finite element method for solving finite horizon deterministic optimal control problems},
booktitle={Proceedings of MTNS'04},
address={Louvain, Belgique},
url={http://hal.inria.fr/inria-00071426},
note={Also \arxiv{math.OC/0404184}},
year={2004},
}



@MISC{walsh-min,
author={C. Walsh},
title={Minimum representing measures in Idempotent Analysis},
year={2005},
url={http://arxiv.org/abs/math.MG/0503716},
}

@MISC{abg04b,
author={M. Akian and R.B. Bapat and S. Gaubert},
title={Min-plus methods in eigenvalue perturbation theory and generalised {L}idskii-{V}ishik-{L}justernik theorem},
year={2005},
url={http://arxiv.org/abs/math.SP/0402090},
}



@INCOLLECTION{cgqs04,
author={G. Cohen and S. Gaubert and J.P. Quadrat and I. Singer},
title={Max-plus convex sets and functions},
booktitle={Idempotent Mathematics and Mathematical Physics},
editor={G.L. Litvinov and V.P. Maslov},
series={Contemporary Mathematics},
publisher={American Mathematical Society},
year=2005,
pages={105--129},
url={http://www.arxiv.org/abs/math.FA/0308166},
vol=377,
}



@INCOLLECTION{agw04,
author={M. Akian and S. Gaubert and C. Walsh},
title={Discrete max-plus spectral theory},
booktitle={Idempotent Mathematics and Mathematical Physics},
editor={G.L. Litvinov and V.P. Maslov},
series={Contemporary Mathematics},
publisher={American Mathematical Society},
year=2005,
pages={19-51},
vol=377,
URL={http://arxiv.org/abs/math.SP/0405225},
}


@INCOLLECTION{agk04,
author={M. Akian and S. Gaubert and V.N. Kolokoltsov},
title={Set coverings and invertibility of functional Galois connections},
booktitle={Idempotent Mathematics and Mathematical Physics},
editor={G.L. Litvinov and V.P. Maslov},
series={Contemporary Mathematics},
publisher={American Mathematical Society},
year=2005,
pages={19-51},
vol=377,
URL={http://arxiv.org/abs/math.FA/0403441},
}




@INPROCEEDINGS{goubault,
author={A. Costan and S. Gaubert and E. Goubault and M. Martel and S. Putot},
title={A policy iteration algorithm for computing fixed points in static analysis of programs},
booktitle={Proceedings of the 17th International Conference on Computer Aided Verification (CAV'05)},
publisher={Springer},
address={Edinburgh},
month={July},
series={LNCS},
vol={3576},
pages={462--475},
year={2005},
}


@INPROCEEDINGS{agl2,
author={M. Akian and S. Gaubert and A. Lakhoua},
title={The max-plus finite element method for optimal control problems: further approximation results},
booktitle={Proceedings of the joint 44th IEEE Conference on Decision and Control and European Control Conference ECC 2005 (CDC-ECC'05)},
address={Seville, Espagne},
note={Also \arxiv{math.OC/0509250}},
year=2005,
URL={http://hal.inria.fr/inria-00000965/en/},
}


@INPROCEEDINGS{AGK-4,
author={M. Akian and S. Gaubert and V.N. Kolokoltsov},
title={Solutions of max-plus linear equations and large deviations},
booktitle={Proceedings of the joint 44th IEEE Conference on Decision and Control and European Control Conference ECC 2005 (CDC-ECC'05)},
address={Seville, Espagne},
note={Also \arxiv{math.PR/0509279}},
year=2005,
URL={http://hal.inria.fr/inria-00000218/en/},
}



@INPROCEEDINGS{QUADRATCDC,
author={Farhi, N. and Goursat, M. and Quadrat, J.-P.},
title={Derivation of the Fundamental Diagram for Two Circular Roads and a Crossing Using Minplus Algebra and Petri Net Modeling},
booktitle={Proceedings of the joint 44th IEEE Conference on Decision and Control and European Control Conference ECC 2005 (CDC-ECC'05)},
address={Seville, Espagne},
year=2005,
}

@TECHREPORT{polyx_05,
author={F. Bonnans and S. Gaubert},
year=2005,
title={Recherche op\'erationnelle: aspects math\'ematiques et
applications (Majeure de {M}ath\'ematiques {A}ppliqu\'ees)},
type={Cours \`a l'\'{E}cole {P}olytechnique},
}


@ARTICLE{cgqPLS,
author={G. Cohen and S. Gaubert and J.-P. Quadrat},
title={L'alg\`ebre des sandwichs},
journal={Pour la Science},
month={F\'evrier},
pages={56--63},
year={2005},
}


@article{ipsen,
author={I. C.F. Ipsen},
title={Accurate Eigenvalues for fast trains},
journal={SIAM News},
number={9},
volume={37},
year=2004,
}

@article {barron,
    AUTHOR = {Barron, E.N. and Cardaliaguet, P. and Jensen, R.R.},
     TITLE = {Radon-{N}ikodym theorem in {$L\sp \infty$}},
   JOURNAL = {Appl. Math. Optim.},
    VOLUME = {42},
      YEAR = {2000},
    NUMBER = {2},
     PAGES = {103--126},
}
		

@article {BH,
    AMSAUTHOR = {Butkovi{\v{c}}, Peter and Hevery, Ferdinand},
    AUTHOR = {Butkovi{\v{c}}, P. and Hevery, F.},
     TITLE = {A condition for the strong regularity of matrices in the
              minimax algebra},
   JOURNAL = {Discrete Appl. Math.},
  FJOURNAL = {Discrete Applied Mathematics. The Journal of Combinatorial
              Algorithms, Informatics and Computational Sciences},
    VOLUME = {11},
      YEAR = {1985},
    NUMBER = {3},
     PAGES = {209--222},
      ISSN = {0166-218X},
     CODEN = {DAMADU},
   MRCLASS = {15A30 (15A06 90C99)},
  MRNUMBER = {MR792889 (86i:15008)},
MRREVIEWER = {K. Zimmermann},
}



@UNPUBLISHED{cgq06,
author={G. Cohen and S. Gaubert and J.-P. Quadrat},
title={Regular matrices in max-plus algebra},
note={Preprint},
year={2006},
}


@incollection {AGN05,
    AUTHOR = {Akian, M. and Gaubert, S. and Ninove, L.},
     TITLE = {The {$T$}-{P}age{R}ank: a model of self-validating effects of
              web surfing},
 BOOKTITLE = {Positive systems},
    SERIES = {Lecture Notes in Control and Inform. Sci.},
    VOLUME = {341},
     PAGES = {239--246},
 PUBLISHER = {Springer},
   ADDRESS = {Berlin},
      YEAR = {2006},
}


@incollection{GK06a,
author={S. Gaubert and R.D. Katz},
title={Max-plus convex geometry},
booktitle={Proceedings of the 9th International Conference on Relational Methods in Computer Science and 4th International Workshop on Applications of Kleene Algebra (RelMiCS/AKA 2006)},
editor={R. A. Schmidt},
series={Lecture Notes in Comput. Sci.},
volume={4136},
pages={192--206},
year={2006},
 PUBLISHER = {Springer},
}
		

@INPROCEEDINGS{AGW_horizon,
author={M. Akian and S. Gaubert and C. Walsh},
title={How to find horizon-independent optimal strategies leading 
off to infinity: a max-plus approach},
booktitle={Proc. of the 45th IEEE Conference on Decision and Control (CDC'06)},
address={San Diego},
url={http://www.arxiv.org/abs/math.OC/0609243},
year={2006},
}

@inproceedings{dhingra,
 acmnumber={1190110},
 author = {V. Dhingra and S. Gaubert},
 title = {How to solve large scale deterministic games with mean payoff by policy iteration},
 booktitle = {Valuetools '06: Proceedings of the 1st international conference on Performance evaluation methodologies and tools},
 year = {2006},
 isbn = {1-59593-504-5},
 pages = {12},
 location = {Pisa, Italy},
url = {http://doi.acm.org/10.1145/1190095.1190110},
 publisher = {ACM Press},
 address = {New York, NY, USA},
 }

@TECHREPORT{dhingrareport,
author={V. Dhingra},
title={Policy Iteration Algorithms for Two-Player Zero-Sum Repeated Deterministic and Stochastic Games with Mean Payoff and Their Applications},
type={Mtech thesis},
institution={Math. Dep., IIT Delhi},
year=2006,
month={May},
}




@article {cochet-cras,
    AUTHOR = {Cochet-Terrasson, J. and Gaubert, S.},
     TITLE = {A policy iteration algorithm for zero-sum stochastic games
              with mean payoff},
   JOURNAL = {C. R. Math. Acad. Sci. Paris},
  FJOURNAL = {Comptes Rendus Math\'ematique. Acad\'emie des Sciences. Paris},
    VOLUME = {343},
      YEAR = {2006},
    NUMBER = {5},
     PAGES = {377--382},
}
		

@article {gk02,
    AUTHOR = {Gaubert, S. and Katz, R.D.},
     TITLE = {Reachability problems for products of matrices in semirings},
   JOURNAL = {Internat. J. Algebra Comput.},
  FJOURNAL = {International Journal of Algebra and Computation},
    VOLUME = {16},
      YEAR = {2006},
    NUMBER = {3},
     PAGES = {603--627},
url={http://www.arxiv.org/abs/math.OC/0310028},
}
		
		
@incollection{CGQ1,
    AUTHOR = {Cohen, G. and Gaubert, S. and Quadrat, J.-P.},
     TITLE = {Projection and aggregation in maxplus algebra},
 BOOKTITLE = {Current trends in nonlinear systems and control},
    SERIES = {Systems Control Found. Appl.},
     PAGES = {443--454},
 PUBLISHER = {Birkh\"auser Boston},
   ADDRESS = {Boston, MA},
      YEAR = {2006},
}
		
@TECHREPORT{polyx_06,
author={F. Bonnans and S. Gaubert},
year=2006,
title={Recherche op\'erationnelle: aspects math\'ematiques et
applications (Majeure de {M}ath\'ematiques {A}ppliqu\'ees)},
type={Cours \`a l'\'{E}cole {P}olytechnique},
note={Seconde \'edition},
}

@ARTICLE{vassili,
author={V.N. Kolokoltsov},
title={Nonlinear Markov semigroups and interacting L\'evy type processes},
url={http://hal.inria.fr/inria-00080360},
journal={Journal of Statistical Physics},
onlineyear={2006},
note={Published online 5 December 2006},
number = {RR-5932},
}




@unpublished{AGK-3,
AUTHOR={M. Akian and S. Gaubert and V.N. Kolokoltsov},
TITLE={Invertibility of {M}oreau conjugacies and large deviations},
YEAR={2006},
NOTE={Preprint},
}



@incollection {delaharpe,
    AMSAUTHOR = {de la Harpe, Pierre},
AUTHOR = {de la Harpe, P.},
     TITLE = {On {H}ilbert's metric for simplices},
 BOOKTITLE = {Geometric group theory, Vol.\ 1 (Sussex, 1991)},
    SERIES = {London Math. Soc. Lecture Note Ser.},
    VOLUME = {181},
     PAGES = {97--119},
 PUBLISHER = {Cambridge Univ. Press},
   ADDRESS = {Cambridge},
      YEAR = {1993},
   MRCLASS = {52A21},
  MRNUMBER = {MR1238518 (94i:52006)},
}

@article {rieffel_group,
    AMSAUTHOR = {Rieffel, Marc A.},
AUTHOR = {Rieffel, M.A.},
     TITLE = {Group {$C\sp *$}-algebras as compact quantum metric spaces},
   JOURNAL = {Doc. Math.},
  FJOURNAL = {Documenta Mathematica},
    VOLUME = {7},
      YEAR = {2002},
     PAGES = {605--651 (electronic)},
      ISSN = {1431-0643},
   MRCLASS = {22D25 (20F65 20F69 46L55 46L87 58J42)},
  MRNUMBER = {MR2015055 (2004k:22009)},
}



@INCOLLECTION{aqv95,
category=1,
author={M. Akian and J.-P. Quadrat and M. Viot},
title={Duality between probability and optimization},
booktitle={Idempotency},
editor={J. Gunawardena},
series={Publications of the Isaac Newton Institute},
publisher={Cambridge University Press},
year={1998}
} 




@ARTICLE{abg04,
author={M. Akian and R.B. Bapat and S. Gaubert},
title={Perturbation of eigenvalues of matrix pencils and optimal assignment problem},
journal={C. R. Acad. Sci. Paris, S\'erie I},
volume={339},
pages={103--108},
year={2004},
url={http://www.arxiv.org/abs/math.SP/0402438},
}



@ARTICLE{gaubert95c,
category=1,
author={S. Gaubert},
title={Performance Evaluation of (max,+) Automata},
journal={IEEE Trans. on Automatic Control},
year={1995},
month={Dec},
volume={40},
number={12},
pages={2014--2025},
}


@ARTICLE{gaubert96a,
category=1,
author={S. Gaubert},
title={On the Burnside Problem for Semigroups of Matrices
in the (max,+) Algebra},
journal={Semigroup Forum},
volume={52},
year={1996},
pages={271--292},
}




@INPROCEEDINGS{maxplus97,
category=1,
author={S. Gaubert and M. Plus},
title={Methods and Applications of (max,+) Linear Algebra},
booktitle={STACS'97},
editor={R. Reischuk and M. Morvan},
year={1997},
address={L\"ubeck},
month={March},
publisher={Springer},
series={LNCS},
number={1200}
}


@ARTICLE{gaumair97a,
category=1,
author={S. Gaubert and J. Mairesse},
title={Modeling and analysis of timed {P}etri nets using heaps of pieces},
journal={IEEE Trans. Automat. Control}, 
volume={44},
number=4,
pages={683--697},
year=1999,
}


@INPROCEEDINGS{maxplus94,
category=1,
title={Max-Plus Algebra and Applications to System Theory and Optimal
Control},
author={{Max-Plus Working Group, presented by J.P. Quadrat}},
booktitle={Proceedings of the ICM},
address={Zurich},
month={August},
year={1994},
}




@UNPUBLISHED{nussbaum1,
author={M. Akian and S. Gaubert and R.D. Nussbaum},
title={The Collatz-Wielandt theorem for order-preserving homogeneous maps on cones},
note={Preprint},
year={2007},
}


@article{GK06,
author={S. Gaubert and R.D. Katz},
title={The {M}inkowski Theorem for Max-plus Convex Sets},
year={2007},
url={http://www.arxiv.org/abs/math.GM/0605078}, 
journal={Linear Algebra and Appl.},
volume={421},
pages={356--369},
x-international-audience = {yes},
x-editorial-board = {yes},
x-equipes={Maxplus ext},
x-support={revue},
x-type={article},
x-cle-support={[A]},
}

@INPROCEEDINGS{goubault2,
author={S. Gaubert and E. Goubault and A. Taly and S. Zennou},
title={Static Analysis by Policy Iteration in Relational Domains},
year={2007},
booktitle={Proceedings of the Proc. of the 16th European Symposium on Programming (ESOP'07)},
address={Braga (Portugal)},
date={24 March - 1 April, 2007},
publisher={Springer},
series={LNCS},
volume=4421,
pages={237--252},
x-international-audience = {yes},
x-proceedings={yes},
x-equipes={Maxplus ext},
x-support={actes},
x-type={article},
x-cle-support={[A]},
url={http://dx.doi.org/10.1007/978-3-540-71316-6_17},
doi={10.1007/978-3-540-71316-6\_17},
}

@ARTICLE{CGP,
author={J. Clairambault and S. Gaubert and B. Perthame},
title={An inequality for the {P}erron and {F}loquet eigenvalues of monotone differential systems and age structured equations},
url={http://arxiv.org/abs/0704.3820},
year={2007},
journal={Comptes Rendus Mathematique},
volume={345},
number={10},
month={November},
pages={549-554},
x-international-audience = {yes},
x-editorial-board = {yes},
x-equipes={Maxplus Bang},
x-support={revue},
x-type={article},
x-cle-support={[A]},
}

@ARTICLE{gauser,
author={S. Gaubert and S.N. Sergeev},
title={Cyclic projectors and separation theorems in idempotent convex geometry},
url={http://arxiv.org/abs/0706.3347},
year=2007,
journal={Fundamentalnaya i prikladnaya matematika},
volume={13},
number=4,
pages={33-52},
mynote={arXiv:math/0706.3347},
note={In Russian, journal edited by the State University of Moscow, the English translation (arXiv:0706.3347) will appear in J. Math. Sciences, New York},
x-international-audience = {yes},
x-editorial-board = {yes},
x-equipes={Maxplus ext},
x-support={revue},
x-type={article},
x-cle-support={[A]},
}

@INPROCEEDINGS{KOL,
author={M. Akian and S. Gaubert and V.N. Kolokoltsov},
title={On the assignment problem for a countable state space},
booktitle={Proc. of the International Workshop ``Idempotent and Tropical Mathematics and problems of Mathematical Physics'', Moscow, Aug. 25-30, 2007},
editor={G.L. Litvinov and V.P. Maslov and S.N. Sergeev},
pages={12-20},
volume=1,
year = 2007,
url={http://arxiv.org/abs/0710.0377},
publisher={The Independent University of Moscow},
x-international-audience = {yes},
x-proceedings={yes},
x-equipes={Maxplus ext},
x-support={actes},
x-type={abstractlong},
}


@INPROCEEDINGS{G-MOS,
author={S. Gaubert},
title={From max-plus algebra to non-linear {P}erron-{F}robenius theory: an 
approach to zero-sum repeated games},
booktitle={Proc. of the International Workshop ``Idempotent and Tropical Mathematics and problems of Mathematical Physics'', Moscow, Aug. 25-30, 2007},
editor={G.L. Litvinov and V.P. Maslov and S.N. Sergeev},
pages={60--65},
volume=1,
year = 2007,
url={http://arxiv.org/abs/0710.0377},
publisher={The Independent University of Moscow},
x-international-audience = {yes},
x-proceedings={yes},
x-invited-conference={yes},
x-equipes={Maxplus},
x-support={actes},
x-type={abstractlong},
}


@INPROCEEDINGS{ober,
author={S. Gaubert},
booktitle={Tropical geometry},
editor={E-M. Feichtner and A. Gathmann and I. Itenberg and T. Theobalt},
title={Tropical linear algebra: old and new results},
publisher={Mathematisches Forschungsinstitut Oberwolfach},
year={2007},
number={57/2007},
pages={3323--3326},
x-international-audience = {yes},
x-proceedings={yes},
x-invited-conference={yes},
x-equipes={Maxplus},
x-support={actes},
x-type={invitation},
x-cle-support={[A+]},
mycomment={La notation A+ est justifiee par la qualite des orateurs et le nombre assez reduit d'exposes},
}

@article{walsh_normed,
    AMSAUTHOR = {Walsh, Cormac},
    AUTHOR = {Walsh, C.},
     TITLE = {The horofunction boundary of finite-dimensional normed spaces},
   JOURNAL = {Math. Proc. Cambridge Philos. Soc.},
  FJOURNAL = {Mathematical Proceedings of the Cambridge Philosophical
              Society},
    VOLUME = {142},
      YEAR = {2007},
    NUMBER = {3},
     PAGES = {497--507},
      ISSN = {0305-0041},
     CODEN = {MPCPCO},
   MRCLASS = {53C70 (46B20 52A41)},
  MRNUMBER = {MR2329698 (2008e:53150)},
MRREVIEWER = {Claire Anantharaman-Delaroche},
x-international-audience = {yes},
x-editorial-board = {yes},
    x-equipes = {Maxplus},
    x-type = {article},
    x-support = {revue},
    x-cle-support ={[A+]},
}


@INPROCEEDINGS{A-MOS,
author={M. Akian},
title={Representation of stationnary solutions
of {H}amilton-{J}acobi-{B}ellman equations: a max-plus point of view},
booktitle={Proc. of the International Workshop ``Idempotent and Tropical Mathematics and problems of Mathematical Physics'', Moscow, Aug. 25-30, 2007},
editor={G.L. Litvinov and V.P. Maslov and S.N. Sergeev},
pages={6-11},
volume=1,
year = 2007,
url={http://arxiv.org/abs/0710.0377},
publisher={The Independent University of Moscow},
x-international-audience = {yes},
x-proceedings={yes},
x-invited-conference={yes},
x-equipes={Maxplus},
x-support={actes},
x-type={abstractlong},
}


@INPROCEEDINGS{W-MOS,
author={C. Walsh},
title={The horofunction boundary},
booktitle={Proc. of the International Workshop ``Idempotent and Tropical Mathematics and problems of Mathematical Physics'', Moscow, Aug. 25-30, 2007},
editor={G.L. Litvinov and V.P. Maslov and S.N. Sergeev},
pages={71--77},
volume=2,
year = 2007,
url={http://arxiv.org/abs/0709.4119},
publisher={The Independent University of Moscow},
x-international-audience = {yes},
x-proceedings={yes},
x-invited-conference={yes},
x-equipes={Maxplus},
x-support={actes},
x-type={abstractlong},
}

@INPROCEEDINGS{Q-MOS,
author={N. Farhi and M. Goursat and J.-P. Quadrat},
title={Degree one homogeneous minplus dynamic systems and traffic applications}, 
booktitle={Proc. of the International Workshop ``Idempotent and Tropical Mathematics and problems of Mathematical Physics'', Moscow, Aug. 25-30, 2007},
editor={G.L. Litvinov and V.P. Maslov and S.N. Sergeev},
pages={33--49}, 
volume=1,
year = 2007,
url={http://arxiv.org/abs/0710.0377},
publisher={The Independent University of Moscow},
x-international-audience = {yes},
x-proceedings={yes},
x-invited-conference={yes},
x-equipes={Maxplus Metalau},
x-support={actes},
x-type={abstractlong},
}


@PHDTHESIS{hdrakian,
AUTHOR = {Akian, M.},
TITLE = {Alg{\`e}bre max-plus, applications monotones contractantes et {\'e}quations aux d{\'e}riv{\'e}es partielles~: trois approches du contr{\^o}le optimal},
type={Habilitation \`a {D}iriger des {R}echerches},
YEAR = {2007},
school={Universit\'e Pierre et Marie Curie (Paris 6)},
url={http://www.cmap.polytechnique.fr/\~akian/publis/hdr-akian.pdf},
x-equipes={Maxplus},
x-support={rapport},
x-type={habilitation},
}


@PHDTHESIS{theseasma,
AUTHOR = {Lakhoua, A.},
TITLE = {M{\'e}thode des {\'e}l{\'e}ments finis max-plus pour
la r{\'e}solution num{\'e}rique de probl{\`e}mes de
commande optimale d{\'e}terministe},
type={Th\`ese de Doctorat},
YEAR = {2007},
school={Universit\'e Pierre et Marie Curie (Paris 6)
et Universit\'e de Tunis El Manar}, 
x-equipes={Maxplus},
x-support={rapport},
x-type={these},
}



@TECHREPORT{poveda,
author={J.-P. Poveda},
title={Calcul du {$T$}-{P}age{R}ank d'un graphe du {W}eb},
type={Rapport de Projet Personnel en Laboratoire},
institution={\'Ecole Nationale Sup\'erieure des Techniques Avanc\'ees},
year=2007,
month={Ao\^ut},
x-equipes={Maxplus},
x-support={rapport},
x-type={ingenieur},
}


@TECHREPORT{sagnol,
author={G. Sagnol},
title={Entropy Minimization Algorithms and their application to Internet Traffic Matrices},
type={Rapport de stage},
institution={\'Ecole Nationale Sup\'erieure des Mines de Paris},
year=2007,
month={Juin},
x-equipes={Maxplus},
x-support={rapport},
x-type={ingenieur},
}


@TECHREPORT{brandejsky,
author={A. Brandejsky},
title={Estimation de valeurs propres \`a l'aide de l'alg\`ebre max-plus},
type={Rapport de stage de {M2}, parcours Analyse Num{\'e}rique \& {\'E}quations aux D{\'e}riv{\'e}es Partielles},
institution={Universit\'e Pierre et Marie Curie},
year=2007,
month={Ao\^ut},
x-equipes={Maxplus},
x-support={rapport},
x-type={master},
}



@TECHREPORT{assale,
author={A. Adj\'e},
title={M\'ethode d'it\'eration sur les politiques et minimalit\'e d'invariant en analyse statique de programme par interpr\'etation abstraite},
type={Rapport de stage de {M2}, parcours Optimisation, Jeux, et Mod\'elisation \'Economique},
institution={Universit\'e Pierre et Marie Curie},
year=2007,
month={Ao\^ut},
x-equipes={Maxplus},
x-support={rapport},
x-type={master},
}


@article {katz,
    AMSAUTHOR = {Katz, Ricardo David},
     AUTHOR = {Katz, R.D.},
     TITLE = {Max-plus {$(A,B)$}-invariant spaces and control of timed
              discrete-event systems},
   JOURNAL = {IEEE Trans. Automat. Control},
  FJOURNAL = {Institute of Electrical and Electronics Engineers.
              Transactions on Automatic Control},
    VOLUME = {52},
      YEAR = {2007},
    NUMBER = {2},
     PAGES = {229--241},
      ISSN = {0018-9286},
     CODEN = {IETAA9},
   MRCLASS = {93C65 (90B10 93B27)},
  MRNUMBER = {MR2295005 (2008a:93032)},
MRREVIEWER = {Yongzhi Cao},
x-international-audience = {yes},
x-editorial-board = {yes},
x-equipes={Maxplus ext},
x-support={revue},
x-type={article},
x-cle-support={[A+]},
note={The present work was done as the author was a Post Doc in the Maxplus team}
}



@MISC {agnin_arxiv,
    author = {Akian, M. and Gaubert, S. and Ninove, L.},
    TITLE = {Multiple equilibria of nonhomogeneous {M}arkov chains and self-validating {W}eb rankings},
    YEAR = {2007},
    url={http://arxiv.org/abs/0712.0469},
x-equipes={Maxplus ext},
x-support={rapport},
x-type={article},
}




@incollection {ruge,
    AUTHOR = {Ruge, J. W. and St{\"u}ben, K.},
     TITLE = {Algebraic multigrid},
 BOOKTITLE = {Multigrid methods},
    SERIES = {Frontiers Appl. Math.},
    VOLUME = {3},
     PAGES = {73--130},
 PUBLISHER = {SIAM},
   ADDRESS = {Philadelphia, PA},
      YEAR = {1987},
}


@INPROCEEDINGS{ziv,
author={O. Ziv and N. Shimkin},
title={Multigrid Methods for policy evaluation and reinforcement learning},
booktitle={Proceedings of the 2005 IEEE International Symposium on Intelligent Control (ISIC05)},
address={Limassol, Cyprus},
year=2005,
pages={1391-1396},
}

@article {akian-menaldi,
    AUTHOR = {Akian, M. and Menaldi, J.L. and Sulem, A.},
     TITLE = {On an investment-consumption model with transaction costs},
   JOURNAL = {SIAM J. Control Optim.},
    VOLUME = {34},
      YEAR = {1996},
    NUMBER = {1},
     PAGES = {329--364},
}

@PHDTHESIS{these-akian,
AUTHOR = {Akian, M.},
     TITLE = {M\'ethodes multigrilles en contr\^ole stochastique},
type={Th\`ese de {D}octorat},
      YEAR = {1990},
     PAGES = {viii+272},
school={Universit\'e Paris IX-Dauphine, Paris},
}

@article {molchanov06,
    AUTHOR = {Davydov, Y. and Molchanov, I. and Zuyev, S.},
     TITLE = {Stable distributions and harmonic analysis on convex
 cones},
   JOURNAL = {C. R. Math. Acad. Sci. Paris},
  FJOURNAL = {Comptes Rendus Math\'ematique. Acad\'emie des Sciences.
 Paris},
    VOLUME = {344},
      YEAR = {2007},
    NUMBER = {5},
     PAGES = {321--326},
      ISSN = {1631-073X},
   MRCLASS = {60B11 (60E07)},
  MRNUMBER = {MR2308120},
}

@article {stoev,
    AUTHOR = {Stoev, S.A. and Taqqu, M.S.},
     TITLE = {Extremal stochastic integrals: a parallel between
 max-stable processes and {$\alpha$}-stable processes},
   JOURNAL = {Extremes},
  FJOURNAL = {Extremes. Statistical Theory and Applications in Science,
              Engineering and Economics},
    VOLUME = {8},
      YEAR = {2006},
    NUMBER = {4},
     PAGES = {237--266},
      ISSN = {1386-1999},
   MRCLASS = {60G70 (60E07 60G52 60H05)},
  MRNUMBER = {MR2324891},
}


@UNPUBLISHED{Izh,
author={Z. Izhakian},
title={The tropical rank of a tropical matrix},
note={Eprint arXiv:math.AC/0604208v2},
year=2008,
}


@UNPUBLISHED{Izh05,
author={Z. Izhakian},
title={Tropical arithmetic and tropical matrix algebra},
note={Eprint arXiv:math.AG/0505458v3},
year=2008,
}


@Article{CC:77,
author = {P. Cousot and R. Cousot},
title = {Abstract Interpretation: A unified lattice model for
    static analysis of programs by construction of
    approximations of fixed points},
journal = {Principles of Programming Languages 4},
pages = {238--252},
year = {1977}   
}


@InProceedings{SSM:05,
 author = {S. Sankaranarayanan and H. Sipma and Z. Manna}, 
 title = {Scalable Analysis of Linear Systems using Mathematical Programming}, 
 booktitle = {VMCAI}, 
 volume = 3385,
 series = {LNCS}, 
 year = 2005
}


@article{PCRCWidening,
          author =    {Cousot, P. and Cousot, R.},
          title =     {Comparison of the {G}alois connection and widening/narrowing
                       approaches to abstract interpretation. {JTASPEFL$\,$'91},
                       {B}ordeaux},
          pages =     {107--110},
          journal =   {BIGRE},
          volume =    74,
          publisher = {IRISA, Ren\-nes, France},
          month =     oct,
          year =      1991,
       }



@incollection{AGG08,
author={X. Allamigeon and S. Gaubert and E. Goubault},
title={Inferring Min and Max Invariants Using Max-plus Polyhedra},
year={2008},
booktitle={Proceedings of the 15th International Static Analysis Symposium (SAS'08)},
note={Valencia, Spain, 16-18 July 2008},
serie={LNCS},
publisher={Springer},
volume={5079},
x-international-audience = {yes},
x-proceedings={yes},
x-equipes={Maxplus ext},
x-support={actes},
x-type={article},
x-cle-support={[A]},
}


@INPROCEEDINGS{MTNS08,
author={A. Adj\'e and S. Gaubert and E. Goubault},
title={Computing the smallest fixed point of nonexpansive mappings arising in game theory and static analysis of programs},
booktitle={Proceedings of 
the Eighteenth International Symposium on Mathematical Theory of Networks and Systems (MTNS2008)},
url={http://arxiv.org/abs/0806.1160},
address={Blacksburg, Virginia},
month={July},
year=2008,
x-international-audience = {yes},
x-proceedings={yes},
x-equipes={Maxplus ext},
x-support={actes},
x-type={article},
x-cle-support={[B]},
mycomment={Pas d'accord avec le classement C sur la liste utilisee par le LRI, alors qu'il s'agit de la conf canonique en maths du controle. Il est vrai que le fait de donner un article complet (comme c'est le cas ici) est facultatif. Une notation B me paraitrait plus juste.},
}



@INPROCEEDINGS{ACC,
title={Curse-of-Complexity Attenuation in the Curse-of-Dimensionality-Free Method for {HJB} {PDE}s},
author={W.M. McEneaney and A. Deshpande and S. Gaubert},
booktitle={Proc. of the 2008 American Control Conference},
address={Seattle, Washington, USA},
month={June},
date={11-13},
year=2008,
x-international-audience = {yes},
x-proceedings={yes},
x-equipes={Maxplus ext},
x-support={actes},
x-type={article},
x-cle-support={[A]},
mycomment={Conf. pas trouvee dans la liste fournie, me parait d'un niveau comparable au CDC qui est note A.}
}

@INPROCEEDINGS{rio,
title={Optimization of Network Traffic Measurement : A Semidefinite Programming Approach},
author={M. Bouhtou and S. Gaubert and G. Sagnol},
booktitle={Proceedings of the International Conference on Engineering Optimization (EngOpt 2008)},
year=2008,
month={June 1-5},
address={Rio de Janeiro},
x-international-audience = {yes},
x-proceedings={yes},
x-equipes={Maxplus ext},
x-support={actes},
x-type={article},
x-cle-support={[B]},
mycomment={L'inclusion d'un article dans les actes, comme c'est le cas ici, etait facultative. Par ailleurs, la conference me parait honnete.},
}


@article {cormac_hilbertboundary,
    AUTHOR = {Walsh, C.},
     TITLE = {The horofunction boundary of the {H}ilbert geometry},
   JOURNAL = {Adv. Geom.},
  FJOURNAL = {Advances in Geometry},
    VOLUME = {8},
      YEAR = {2008},
    NUMBER = {4},
     PAGES = {503--529},
       DOI = {10.1515/ADVGEOM.2008.032},
url={http://www.arxiv.org/abs/math.MG/0611920v2},
}


@TECHREPORT{beauhaire,
author={P. Beauhaire},
title={G\'en\'eralisation d'un Mod\`ele de
Sensibilit\'e au Prix pour le Revenue Management},
type={Rapport de stage de recherche},
institution={M2 Optimisation, Jeux, et Mod\'elisation \'Economique, Paris 6},
year={2008},
}


@ARTICLE {agnin,
    author = {Akian, M. and Gaubert, S. and Ninove, L.},
    TITLE = {Multiple equilibria of nonhomogeneous {M}arkov chains and self-validating {W}eb rankings},
    YEAR = {2008},
journal={SIAM Journal on Matrix Analysis and Applications},
note={Accepted for publication},
    url={http://arxiv.org/abs/0712.0469},
x-international-audience = {yes},
x-editorial-board = {yes},
x-equipes={Maxplus ext},
x-support={revue},
x-type={article},
x-cle-support={[A+]},
}


@article {asma-art-1,
    AMSAUTHOR = {Akian, Marianne and Gaubert, St{\'e}phane and Lakhoua, Asma},
    AUTHOR = {Akian, M. and Gaubert, S. and Lakhoua, A.},
     TITLE = {The max-plus finite element method for solving deterministic
              optimal control problems: basic properties and convergence
              analysis},
   JOURNAL = {SIAM J. Control Optim.},
  FJOURNAL = {SIAM Journal on Control and Optimization},
    VOLUME = {47},
      YEAR = {2008},
    NUMBER = {2},
     PAGES = {817--848},
      ISSN = {0363-0129},
   MRCLASS = {49L20 (06A15 16Y60 65M60)},
  MRNUMBER = {MR2385864},
url={http://www.arxiv.org/abs/math.OC/0603619}, 
doi = {10.1137/060655286},
x-international-audience = {yes},
x-editorial-board = {yes},
x-equipes={Maxplus},
x-support={revue},
x-type={article},
x-cle-support={[A+]},
}


% ce qui etait en 2009 et n'a pas lieu en 2010:

@article{cormac_nilpotent,
    title = {The action of a nilpotent group on its horofunction boundary has finite orbits},
    year = 2009,
   url={http://arxiv.org/abs/0806.0966},
    author = {C. Walsh},
journal={Groups, Geometry, and Dynamics},
note={To appear},
    x-equipes = {Maxplus},
    x-type = {article},
    x-support = {rapport},
x-international-audience = {yes},
x-editorial-board = {yes},
    }


@incollection{cormac_minimum,
    LAUTHOR = {Walsh, Cormac},
AUTHOR = {Walsh, C.},
   title = {{Minimum representing measures in Idempotent Analysis}},
 BOOKTITLE = {Idempotent mathematics and mathematical physics},
    SERIES = {Contemp. Math.},
editor={G.L. Litvinov and S.N. Sergeev},
    VOLUME = {495},
     PAGES = {367--382},
 PUBLISHER = {Amer. Math. Soc.},
   ADDRESS = {Providence, RI},
      YEAR = {2009},
url= {http://www.arxiv.org/abs/math.MG/0503716},
    x-equipes = {Maxplus},
    x-type = {article},
    x-support = {actes},
}

@article{cormac_artin,
    author = {C. Walsh},
    title = {Busemann points of {A}rtin groups of dihedral type},
    journal = {Int. J. Alg. Comp.}, 
VOLUME = {19},
    number = {7},
      YEAR = {2009},
     PAGES = {1--20},
url={http://www.arxiv.org/abs/0705.1485},
x-international-audience = {yes},
x-editorial-board = {yes},
    x-equipes = {Maxplus},
    x-type = {article},
    x-support = {rapport},
}

@article {AGW,
    MAUTHOR = {Akian, Marianne and Gaubert, St{\'e}phane and Walsh, Cormac},
AUTHOR = {Akian, M. and Gaubert, S. and Walsh, C.},
     TITLE = {The max-plus {M}artin boundary},
   JOURNAL = {Doc. Math.},
  FJOURNAL = {Documenta Mathematica},
    VOLUME = {14},
      YEAR = {2009},
     PAGES = {195--240},
      ISSN = {1431-0635},
   MRCLASS = {31C35 (49L20)},
  MRNUMBER = {MR2538616},
url={http://arxiv.org/abs/math/0412408},
x-international-audience = {yes},
x-editorial-board = {yes},
x-equipes={Maxplus},
x-support={revue},
x-type={article},
x-cle-support={[A+]},
}

@incollection{guterman,
AUTHOR={M. Akian and S. Gaubert and A. Guterman},
TITLE={Linear independence over tropical semirings and beyond},
booktitle={Proceedings of the International Conference on Tropical and Idempotent Mathematics},
editor={G.L. Litvinov and S.N. Sergeev},
publisher={American Mathematical Society},
series={Contemporary Mathematics},
volume={495},
   year = 2009,
url={http://www.arxiv.org/abs/0812.3496},
pages={1-38},
    x-equipes = {Maxplus},
    x-type = {article},
    x-support = {actes},
x-pays={RU},
}

@incollection{kolokoltsov,
AUTHOR={M. Akian and S. Gaubert and V.N. Kolokoltsov},
TITLE={The Optimal Assignment Problem for a Countable State Space},
booktitle={Proceedings of the International Conference on Tropical and Idempotent Mathematics},
editor={G.L. Litvinov and S.N. Sergeev},
publisher={American Mathematical Society},
series={Contemporary Mathematics},
volume={495},
   year = 2009,
url={http://www.arxiv.org/abs/0812.4866},
pages={39-60},
    x-equipes = {Maxplus},
    x-type = {article},
    x-support = {actes},
x-pays={GB},
}

@article {katz08,
    MAUTHOR = {Gaubert, St{\'e}phane and Katz, Ricardo D.},
AUTHOR = {Gaubert, S. and Katz, R.D.},
     TITLE = {The tropical analogue of polar cones},
   JOURNAL = {Linear Algebra Appl.},
  FJOURNAL = {Linear Algebra and its Applications},
    VOLUME = {431},
      YEAR = {2009},
    NUMBER = {5-7},
     PAGES = {608--625},
      ISSN = {0024-3795},
     CODEN = {LAAPAW},
   MRCLASS = {52A01 (16Y60 46A55 49J53)},
  MRNUMBER = {MR2535537},
       DOI = {10.1016/j.laa.2009.03.012},
url={http://arxiv.org/abs/0805.3688},
x-international-audience = {yes},
x-editorial-board = {yes},
x-pays={AR},
}


@article {lepoutre,
    AUTHOR = {Clairambault, J. and Gaubert, S. and Lepoutre, Th.},
     TITLE = {Comparison of {P}erron and {F}loquet eigenvalues in age
              structured cell division cycle models},
   JOURNAL = {Math. Model. Nat. Phenom.},
  FJOURNAL = {Mathematical Modelling of Natural Phenomena},
    VOLUME = {4},
      YEAR = {2009},
    NUMBER = {3},
     PAGES = {183--209},
      ISSN = {0973-5348},
   MRCLASS = {35F05 (35P15 35Q80 92B05 92D25)},
  MRNUMBER = {MR2519061},
       DOI = {10.1051/mmnp/20094308},
URL = {http://hal.archives-ouvertes.fr/hal-00344039/en/},
note={See also \arxiv{0812.0803}},
x-international-audience = {yes},
x-editorial-board = {yes},
}

@incollection {sharify09,
author={S. Gaubert and M. Sharify},
    AMSAUTHOR = {Gaubert, St{\'e}phane and Sharify, Meisam},
     TITLE = {Tropical scaling of polynomial matrices},
 BOOKTITLE = {Positive systems},
    SERIES = {Lecture Notes in Control and Inform. Sci.},
    VOLUME = {389},
     PAGES = {291--303},
 PUBLISHER = {Springer},
   ADDRESS = {Berlin},
      YEAR = {2009},
   MRCLASS = {65F15 (15A18)},
  MRNUMBER = {2596623},
       URL = {http://dx.doi.org/10.1007/978-3-642-02894-6_28},
note={See also \arxiv{0905.0121}},
}
	
@inproceedings{gaubert09,
author={S. Gaubert},
title={Max-plus algebraic tools for discrete event systems, static analysis, and zero sum games},
booktitle={Formal Modeling and Analysis of Timed Systems (FORMATS 2009)},
volume={5813},
series={Lecture Notes in Computer Science},
pages={7-11},
publisher={Springer},
year=2009,
doi={10.1007/978-3-642-04368-0},
url={http://dx.doi.org/10.1007/978-3-642-04368-0},
note={(Plenary talk)},
x-invited-conference={yes},
x-proceedings={yes},
x-international-audience = {yes},
}

@misc{isometries_polyhedral,
author={B. Lemmens and C. Walsh},
title={Isometries of polyhedral {H}ilbert geometries},
url={http://arxiv.org/abs/0904.3306},
year=2009,
x-pays={GB},
}

@misc{guterman1,
author={M. Akian and S. Gaubert and A. Guterman},
title={Tropical polyhedra are equivalent to mean payoff games},
year={2009},
url={http://arxiv.org/abs/0912.2462},
note={Submitted},
x-pays={RU},
}

@misc{friedland09,
author={S. Friedland and S. Gaubert and L. Han},
title={Perron-Frobenius theorem for nonnegative multilinear form},
year=2009,
url={http://arxiv.org/abs/0905.1626},
x-pays={US},
}


@misc{allamigeon-goubault09,
author={X. Allamigeon and S. Gaubert and E. Goubault},
title={Computing the vertices of tropical polyhedra using directed hypergraphs},
year=2011,
url={http://arxiv.org/abs/0904.3436v3},
note={An abridged version of this manuscript, entitled ``The tropical double description method'', has been accepted for publication in the Proceedings of STACS'2010},
} 



@unpublished{guterman2,
AUTHOR={M. Akian and S. Gaubert  and A. Guterman},
TITLE={Linear systems of equations in symmetrized tropical semirings},
note={Preprint},
year={2009},
x-pays={RU},
}

@UNPUBLISHED{AGW-CDCpapier,
author={M. Akian and S. Gaubert and C. Walsh},
title={The horoboundary of an optimal control problem},
year={2009},
note={Preprint},
}

@article {butkoviv,
    AUTHOR = {Butkovi{\v{c}}, P. and Cuninghame-Green, R. A. and Gaubert,
              S.},
     TITLE = {Reducible spectral theory with applications to the robustness
              of matrices in max-algebra},
   JOURNAL = {SIAM J. Matrix Anal. Appl.},
  FJOURNAL = {SIAM Journal on Matrix Analysis and Applications},
    VOLUME = {31},
      YEAR = {2009},
    NUMBER = {3},
     PAGES = {1412--1431},
      ISSN = {0895-4798},
   MRCLASS = {15A80 (15A18)},
  MRNUMBER = {2587784},
MRREVIEWER = {Katar{\'{\i}}na Cechl{\'a}rov{\'a}},
       DOI = {10.1137/080731232},
       URL = {http://dx.doi.org/10.1137/080731232},
x-international-audience = {yes},
x-editorial-board = {yes},
x-pays={GB},
}

@misc{sagnol2,
year=2009,
url={http://arxiv.org/abs/0912.5467},
title={Computing Optimal Designs of multiresponse Experiments reduces to Second-Order Cone Programming},
lauthor={Guillaume Sagnol},
author={G. Sagnol},
}

@misc{sagnol1,
year=2009,
url={http://arxiv.org/abs/0909.5577},
title={A Class of Semidefinite Programs with a rank-one solution},
lauthor={Guillaume Sagnol},
author={G. Sagnol},
}
@inproceedings{inoc,
lauthor={Guillaume Sagnol and Mustapha Bouhtou and St\'ephane Gaubert},
author={G. Sagnol and M. Bouhtou and S. Gaubert},
title={Optimizing the measurement of the traffic on large Networks: An Experimental Design Approach},
booktitle={International Network Optimization Conferences (INOC'2009), April 26-27, Pisa, Italy},
year={2009},
note={(Article included in the CDROM of the conference)},
x-international-audience={yes},
x-proceedings={no},
}


@inproceedings{monterey,
title={A parallel optimal assignment algorithm based on diagonal scaling},
author={S. Gaubert and L. Grigori and M. Sharify},
booktitle={SIAM Workshop on Combinatorial Scientific Computing (CSC09), 29-31 October 2009, Monterey},
note={(Extended abstract)},
year={2009},
x-international-audience={yes},
x-proceedings={no},
}

@inproceedings{gaubert09denver,
author={S. Gaubert},
title={Max-plus algebra: a guided tour},
booktitle={SIAM Conference on Control and its Applications (Plenary)},
month="6 - 8~" # jul,
year=2009,
note={(Plenary talk)},
x-invited-conference={yes},
x-proceedings={no},
x-international-audience = {yes},
}


@inproceedings{gaubert09msr,
author={S. Gaubert},
title={Techniques and applications of tropical algebra: a survey},
year={2009},
booktitle={Mod\'elisation de Syst\`emes r\'eactifs (MSR'09),
IRCCyN, Nantes, November 14-16},
note={(Plenary talk)},
x-invited-conference={yes},
x-proceedings={no},
x-international-audience={no},
}

@misc{poncet09-2,
AUTHOR={P. Poncet},
TITLE={A class of compact subsets for non-sober topological spaces},
year={2009},
url={http://arxiv.org/abs/0912.5469},
}


@article{BSS07,
author={P. Butkovi{\v{c}} and H. Schneider and S. Sergeev},
title={Generators, extremals and bases of max cones},
journal={Linear Algebra Appl.},
volume={421},
number={2-3},
pages={394--406},
year={2007},
}

@article{Hel88,
author={S. Helbig},
title={On {C}arath\'eodory's and {K}rein-{M}ilman's theorems in fully ordered groups},
journal={Comment. Math. Univ. Carolin.},
volume={29},
number={1},
pages={157--167},
year={1988},
}



@incollection {DSS,
    AMSAUTHOR = {Develin, Mike and Santos, Francisco and Sturmfels, Bernd},
AUTHOR = {Develin, M. and Santos, F. and Sturmfels, B.},
     TITLE = {On the rank of a tropical matrix},
 BOOKTITLE = {Combinatorial and computational geometry},
    SERIES = {Math. Sci. Res. Inst. Publ.},
    VOLUME = {52},
     PAGES = {213--242},
 PUBLISHER = {Cambridge Univ. Press},
   ADDRESS = {Cambridge},
      YEAR = {2005},
   MRCLASS = {15A03 (05B35 15A33)},
  MRNUMBER = {MR2178322 (2006g:15001)},
}

@ARTICLE{IRowen,
author={Z. Izhakian and L. Rowen},
title={The tropical rank of a tropical matrix},
journal={Communications in Algebra},
volume=37,
number=11,
pages={3912--3927},
year=2009,
}



@article{cormac_nilpotent,
    title = {The action of a nilpotent group on its horofunction boundary has finite orbits},
    year = 2009,
   url={http://arxiv.org/abs/0806.0966},
    author = {C. Walsh},
journal={Groups, Geometry, and Dynamics},
note={To appear},
    x-equipes = {Maxplus},
    x-type = {article},
    x-support = {rapport},
x-international-audience = {yes},
x-editorial-board = {yes},
    }


@inproceedings{allamigeon-goubault09stacs,
author={X. Allamigeon and S. Gaubert and E. Goubault},
title={The tropical double description method},
booktitle={Proceedings of the 27th International Symposium on Theoretical Aspects of Computer Science (STACS'2010)},
month={March 4-6},
address={Nancy, France},
year=2010,
x-international-audience={yes},
x-proceedings={yes},
url={http://drops.dagstuhl.de/opus/volltexte/2010/2443/pdf/1001.AllamigeonXavier.2443.pdf},
} 
@article{loreto-gaubert,
author={M. {Di Loreto} and S. Gaubert and R.D. Katz and J.-J. Loiseau},
title={Duality between invariant spaces for max-plus linear discrete event systems},
URL-HAL = {http://hal.archives-ouvertes.fr/hal-00411243/en/},
URL={http://arxiv.org/abs/0901.2915},
year=2010,
journal={SIAM J. Control Optim.},
volume={48},
number={8},
pages={5606-5628},
x-international-audience={yes},
x-editorial-board = {yes},
x-pays={AR},
}
@misc{sergeev,
author={S. Gaubert and S. Sergeev},
title={The level set method for the two-sided eigenproblem},
year={2010},
note={Preprint. Submitted},
url={http://arxiv.org/abs/1006.5702},
x-pays={GB},
}


@inproceedings{sharify2,
author={M. Akian and S. Gaubert and M. Sharify},
title={Tropical approximation of matrix eigenvalues},
booktitle={16th Conference of the International Linear Algebra Society (ILAS)},
address={Pisa, Italy},
month={June 21 - June 25},
year=2010,
x-proceedings={no},
x-international-audience={yes},
}

@inproceedings{sharify1,
author={S. Gaubert and L. Grigori and M. Sharify},
title={A parallel preprocessing for the optimal assignment problem based on diagonal scaling},
booktitle={6th International Workshop on Parallel Matrix Algorithms and Applications (PMAA'10)},
address={Basel, Switzerland},
month={June 30 - July 02},
year=2010,
x-proceedings={no},
x-international-audience={yes},
}

@misc{poncet10,
AUTHOR={P. Poncet},
TITLE={Domain-valued maxitive maps and their representations},
year={2010},
url={http://arxiv.org/abs/1001.0158},
note={Preprint},
}


@article{poncet09-1,
AUTHOR={P. Poncet},
TITLE={A decomposition theorem for maxitive measures},
year={2010},
journal={Linear Algebra and applications},
url={http://arxiv.org/abs/0912.5178},
note={Article in press, Corrected proof},
doi={10.1016/j.laa.2010.03.004},
x-international-audience = {yes},
x-editorial-board = {yes},
}

@unpublished{poncet10-2,
AUTHOR={P. Poncet},
TITLE={The max-plus Krein-Milman theorem},
year={2010},
note={Preprint},
}



@unpublished{poncet10-1,
AUTHOR={P. Poncet},
TITLE={Convexities on ordered structures and the Krein-Milman theorem},
year={2010},
note={Preprint},
}


@inproceedings{poncet10-3,
author={M. Akian and P. Poncet},
title={Representation of maxitive measures},
booktitle={16th Conference of the International Linear Algebra Society (ILAS)},
address={Pisa, Italy},
month={June 21 - June 25},
year=2010,
x-proceedings={no},
x-international-audience={yes},
}

@inproceedings{detournay10-1,
author={M. Akian and S. Detournay},
title={Multigrid methods for stochastic games},
booktitle={11th Copper Mountain Conference on Iterative Methods},
address={Colorado},
month={April 4-9},
year=2010,
x-proceedings={no},
x-international-audience={yes},
}

@inproceedings{detournay10-2,
author={M. Akian and S. Detournay},
title={M\'ethodes multigrilles pour des probl\`emes de jeux stochastiques
\`a somme nulle},
booktitle={40e Congr\`es National d'Analyse Num\/'erique (CANUM 2010)},
address={France},
month={31 mai - 4 juin},
year=2010,
note={Poster},
x-proceedings={no},
x-international-audience={no},
}

@inproceedings{detournay10-3,
author={M. Akian and S. Detournay},
title={Multigrid methods for stochastic games},
booktitle={European Multi-Grid Conference EMG 2010},
address={Ischia,  Italie},
month={12-23 septembre},
year=2010,
x-proceedings={no},
x-international-audience={yes},
}


@PHDTHESIS{sagnolphd,
author={G. Sagnol},
title={Plans d'exp{\'e}riences optimaux et application {\`a} l'estimation des matrices de trafic dans les grands r{\'e}seaux: Programmation conique du second ordre et Sous-modularit\'e (Optimal design of experiments with application to the inference of traffic matrices in large networks: Second order cone programming and Submodularity)},
type={PhD thesis},
school={\'Ecole Nationale Sup\'erieure des Mines de Paris (ENSMP)},
month={December},
year={2010},
}
@inproceedings{sagnol3,
author={G. Sagnol and M. Bouhtou and S. Gaubert},
title={Successive c-Optimal Designs : A scalable technique to optimize the measurements on large networks},
note={Extended abstract},
booktitle={Proceedings of the ACM SIGMETRICS 2010 Conference on Measurement and Modeling of Computer Systems},
address={New York, NY, USA},
month={June 2010},
doi={10.1145/1811039.1811080},
url="http://dx.doi.org/10.1145/1811039.1811080",
year={2010},
pages={347--348},
x-international-audience={yes},
x-proceedings={yes},
}



@article{sagnol4,
author={M. Bouhtou and S. Gaubert and G. Sagnol},
title={Submodularity and Randomized rounding techniques applied to Optimal Experimental Design},
note = "ISCO 2010 - International Symposium on Combinatorial Optimization",
doi={10.1016/j.endm.2010.05.086},
url="http://dx.doi.org/10.1016/j.endm.2010.05.086",
year=2010,
Volume=36,
pages={679--686}, 
journal={Electronic Notes on Discrete Mathematics},
x-international-audience={yes},
x-editorial-board = {yes},
x-proceedings={yes},
}



@inproceedings{fercoq10-2,
author={O. Fercoq and M. Akian and M. Bouhtou and S. Gaubert},
title={PageRank Optimization Through Ergodic Control},
booktitle={SIAM Annual Meeting},
address={Pittsburgh, USA},
month={July 12-16},
year=2010,
x-proceedings={no},
x-international-audience={yes},
}

@misc{fercoq,
author={O. Fercoq and M. Akian and M. Bouhtou and S. Gaubert},
title={Ergodic Control and Polyhedral approaches to PageRank Optimization},
year=2010,
note={Submitted},
url={http://arxiv.org/abs/1011.2348},
}

@misc{sagnol6,
author={G. Sagnol},
title={Approximation of a Maximum-Submodular-Coverage problem involving spectral functions, with application to Experimental Design},
year=2011,
url={http://arxiv.org/pdf/1007.4152v2},
note={Preprint. Submitted},
}



@article{vigeral1,
AUTHOR={S. Sorin and X. Venel and G. Vigeral},
TITLE={Asymptotic properties of optimal trajectories in dynamic programming},
year={2010},
journal={Sankhya},
volume={72-A},
pages={237-245},
x-international-audience = {yes},
x-editorial-board = {yes},
url={http://sankhya.isical.ac.in/search/72a1/final15.pdf},
}

@article{vigeral2,
AUTHOR={G. Vigeral},
TITLE={Evolution equations in discrete and continuous time for nonexpansive
operators in {B}anach spaces},
journal={ESAIM COCV},
volume={16},
number={4},
pages={809-832},
year={2010},
url={http://arxiv.org/abs/0904.2342},
x-international-audience = {yes},
x-editorial-board = {yes},
}

@inproceedings{YellinSODA92,
 author = {Yellin, Daniel M.},
 title = {Algorithms for subset testing and finding maximal sets},
 booktitle = {Proceedings of the third annual ACM-SIAM symposium on Discrete algorithms},
 series = {SODA '92},
 year = {1992},
 location = {Orlando, Florida, United States},
 pages = {386--392},
 publisher = {Society for Industrial and Applied Mathematics},
 address = {Philadelphia, PA, USA},
}

@article{YellinIPL93,
title = "Finding extremal sets in less than quadratic time",
journal = "Information Processing Letters",
volume = "48",
number = "1",
pages = "29 - 34",
year = "1993",
author = "Daniel M. Yellin and Charanjit S. Jutla",
}

@article{PritchardJAlg99,
title = "On Computing the Subset Graph of a Collection of Sets",
journal = "Journal of Algorithms",
volume = "33",
number = "2",
pages = "187 - 203",
year = "1999",
author = "Paul Pritchard"
}

@article{PritchardIPL95,
title = "A simple sub-quadratic algorithm for computing the subset partial order",
journal = "Information Processing Letters",
volume = "56",
number = "6",
pages = "337 - 341",
year = "1995",
author = "Paul Pritchard",
}

@article{ElmasryIPL09,
title = "Computing the subset partial order for dense families of sets",
journal = "Information Processing Letters",
volume = "109",
number = "18",
pages = "1082 - 1086",
year = "2009",
author = "Amr Elmasry",
}

@article{PritchardAlg99,
	Author = {Pritchard, Paul},
	Journal = {Algorithmica},
	Pages = {76-86},
	Title = {A Fast Bit-Parallel Algorithm for Computing the Subset Partial Order},
	Volume = {24},
	Year = {1999}
}

@article{PritchardActInf91,
   author = {Pritchard, Paul},
   title = {Opportunistic algorithms for eliminating supersets},
   journal = {Acta Informatica},
   publisher = {Springer Berlin / Heidelberg},
   pages = {733-754},
   volume = {28},
   issue = {8},
   year = {1991}
}

@inproceedings{BayardoSDM11,
author = {Roberto J. Bayardo and Biswanath Panda},
title = {Fast Algorithms for Finding Extremal Sets},
year = {2011},
booktitle = {Proceedings of the SIAM International Conference on Data Mining, SDM 2011},
publisher = {SIAM},
note = {To appear.}
}

@incollection{polymake,
  author =       {Ewgenij Gawrilow and Michael Joswig},
  title =        {polymake: a Framework for Analyzing Convex Polytopes},
  pages =        {43-74},
  editor =       {Gil Kalai and G\"unter M. Ziegler},
  booktitle =    {Polytopes --- Combinatorics and Computation},
  publisher =    {Birkh\"auser},
  year =         {2000}
}

@inproceedings{apron,
  author =    {Jeannet, B{.} and Min\'e, A{.}},
  title =     {Apron: A Library of Numerical Abstract Domains for Static Analysis},
  pages =     {661--667},
  volume =    {5643},
  year =      {2009},
  month =     {June},
  location =  {Grenoble, France},
  booktitle = {Proc. of the 21th Int. Conf. on Computer Aided Verification (CAV 2009)},
  series =    {Lecture Notes in Computer Science},
  publisher = {Springer},
}


@misc{vigeral3,
author={M. Oliu-Barton and G. Vigeral},
title={A uniform {T}auberian theorem in optimal control},
url={http://arxiv.org/abs/1004.4174},
year={2010},
note={Preprint. Submitted},
} 

@misc{vigeral4,
author={G. Vigeral},
title={Iterated monotonic nonexpansive operators and asymptotic properties of zero-sum stochastic games},
year={2010},
note={Preprint. Submitted},
}

@phdthesis{chaloupka,
author={J. Chaloupka},
title={Algorithms for Mean-Payoff and Energy Games},
school={Masaryk University, Faculty of Informatics},
year={2011},
}


@ARTICLE{bjorklund,
author={H. Bjorklund and S. Vorobyov},
title={A combinatorial strongly subexponential strategy improvement algorithm for mean payoff games},
journal={Discrete Appl. Math.},
volume=155,
year=2007,
pages={210-229},
}



@BOOK{lemmensnussbaum,
author={B. Lemmens and R. D. Nussbaum},
title={Non-linear {P}erron-{F}robenius theory},
publisher={Cambridge University Press},
mynote={to appear},
year=2012,
}




@ARTICLE{Nuss-Mallet,
author={J. Mallet-Paret and Roger Nussbaum},
title={Eigenvalues for a Class of Homogeneous Cone Maps Arising from Max-Plus Operators},
year={2002},
volume=8,
number=3,
month={July},
pages={519--562},
journal={Discrete and Continuous Dynamical Systems},
}

@Book{Fathi-book,
  Title                    = {{The Weak KAM Theorem in Lagrangian Dynamics}},
  Author                   = {Fathi, Albert},
  Publisher                = {Cambridge Studies in Advanced Mathematics},
  Year                     = {2014},
  Note                     = {to appear},

  Owner                    = {gabriel},
  Timestamp                = {2012.01.12}
}

