@book{bcoq,
category=1,
author={F. Baccelli and G. Cohen and G.J. Olsder and J.-P. Quadrat},
title={Synchronisation and Linearity},
publisher={Wiley},
year={1992},
}







@ARTICLE{akianams, 
category=1,
author={M. Akian},
title={Densities of idempotent measures and large deviations},
journal={Transactions of the American Mathematical Society},
volume={351},
number=11,
year=1999,
pages={4515--4543},
}










@ARTICLE{gaubert99c,
category=1,
title={A constructive fixed point theorem for min-max functions},
author={J. Cochet-Terrasson and S. Gaubert and J. Gunawardena},
journal={Dynamics and Stability of Systems},
year={1999},
volume={14},
number={4},
}



@ARTICLE{ccggq99,
category=1,
author={G. Cohen and S. Gaubert and J.-P. Quadrat},
title={Max-plus algebra and system theory: where
we are and where to go now},
journal={Annual Reviews in Control}, 
volume=23,
pages={207--219},
year=1999,
}






@ARTICLE{AST,
category=1,
author={M. Akian and A. Sulem and M. Taksar},
title={Dynamic optimisation of long term
growth rate for a portfolio with transaction
costs and logarithmic utility},
journal={Mathematical Finance},
year={2001},
volume=11,
number=2,
pages={153--188},
}



@ARTICLE{spectral,
AUTHOR={M. Akian and S. Gaubert}, 
TITLE={Spectral Theorem for Convex Monotone Homogeneous Maps, and ergodic Control},
YEAR=2003,
JOURNAL={Nonlinear Analysis. Theory, Methods \& Applications},
VOLUME={52},
NUMBER=2,
PAGES={637-679},
URL={http://hal.inria.fr/inria-00000201/en/},
}



@ARTICLE{arxiv1,
AUTHOR={S. Gaubert and J. Gunawardena},
title={The {P}erron-{F}robenius Theorem for Homogeneous, Monotone Functions},
journal={Trans. of AMS},
volume={356},
number={12},
pages={4931-4950},
year={2004},
url={http://www.ams.org/tran/2004-356-12/S0002-9947-04-03470-1/home.html},
note={Also \arxiv{math.FA/0105091}},
oldurl ={http://arxiv.org/abs/math.FA/0105091},
oldcnote={\href{http://www.ams.org/tran/2004-356-12/S0002-9947-04-03470-1/home.html}{PII:  S 0002-9947(04)03470-1}},
}


@ARTICLE{cgq02,
author={G. Cohen and S. Gaubert and J.-P. Quadrat},
title={Duality and Separation Theorems in Idempotent Semimodules},
journal={Linear Algebra and Appl.},
volume={379},
pages={395--422},
year={2004},
url={http://arxiv.org/abs/math.FA/0212294},
 }




@INCOLLECTION{abg05,
author={M. Akian and R.B. Bapat and S. Gaubert},
title={Max-plus algebras},
booktitle={Handbook of Linear Algebra (Discrete Mathematics 
and Its Applications)},
editor={L. Hogben},
volume=39,
publisher={Chapman \& Hall/CRC},
year={2006},
note={Chapter 25}
}


@article {AGLN,
    AUTHOR = {Akian, M. and Gaubert, S. and Lemmens, B. and
              Nussbaum, R.D.},
     TITLE = {Iteration of order preserving subhomogeneous maps on a cone},
   JOURNAL = {Math. Proc. Cambridge Philos. Soc.},
    VOLUME = {140},
      YEAR = {2006},
    NUMBER = {1},
     PAGES = {157--176},
url={http://www.arxiv.org/abs/math.DS/0410084},
}


