@INPROCEEDINGS{maxplus90b, 
author={M. Plus},
title={Linear systems in $(\max,+)$-algebra},
booktitle={Proceedings of the 29th Conference on Decision and Control},
year={1990},
address={Honolulu},
month={Dec.},
pages={151-156},
volume={1},
doi={10.1109/CDC.1990.203566},
note={M. Plus is a collective name for M. Akian, G. Cohen, S. Gaubert, R. Nikoukhah, and J.-P. Quadrat},
}

@UNPUBLISHED{connesconsaniepicyclic,
title={Projective geometry in characteristic one and the epicyclic category},
longauthor={Alain Connes and Caterina Consani},
author={A. Connes and C. Consani},
year={2013},
note={arXiv:1309.040621},
}




@incollection {smale,
    LONGAUTHOR = {Smale, Steve},
AUTHOR = {Smale, S.},
     TITLE = {Mathematical problems for the next century},
 BOOKTITLE = {Mathematics: frontiers and perspectives},
     PAGES = {271--294},
 PUBLISHER = {Amer. Math. Soc., Providence, RI},
      YEAR = {2000},
   MRCLASS = {00A05 (00-02 01A61 01A67)},
  MRNUMBER = {1754783 (2001i:00003)},
}
		


@book {GLSbook,
    AUTHOR = {Gr{\"o}tschel, M. and Lov{\'a}sz, L. and
              Schrijver, A.},
     TITLE = {Geometric algorithms and combinatorial optimization},
    SERIES = {Algorithms and Combinatorics},
    VOLUME = {2},
   EDITION = {Second},
 PUBLISHER = {Springer-Verlag, Berlin},
      YEAR = {1993},
     PAGES = {xii+362},
      ISBN = {3-540-56740-2},
   MRCLASS = {90-02 (52C07 90C27)},
  MRNUMBER = {1261419 (95e:90001)},
MRREVIEWER = {Ulrich Faigle},
       DOI = {10.1007/978-3-642-78240-4},
       URL = {http://dx.doi.org/10.1007/978-3-642-78240-4},
}
@book {arorabook,
    LONGAUTHOR = {Arora, Sanjeev and Barak, Boaz},
AUTHOR = {Arora, S. and Barak, B.},
     TITLE = {Computational complexity: a modern approach},
 PUBLISHER = {Cambridge University Press, Cambridge},
      YEAR = {2009},
     PAGES = {xxiv+579},
      ISBN = {978-0-521-42426-4},
   MRCLASS = {68-01 (03D15 68Q15 68Q17 68Q25 81P68 94A60)},
  MRNUMBER = {2500087 (2010i:68001)},
MRREVIEWER = {Ulrich Tamm},
       DOI = {10.1017/CBO9780511804090},
       URL = {http://dx.doi.org/10.1017/CBO9780511804090},
}
	
@book {leejon,
    AUTHOR = {Lee, J.},
     TITLE = {A first course in combinatorial optimization},
    SERIES = {Cambridge Texts in Applied Mathematics},
 PUBLISHER = {Cambridge University Press, Cambridge},
      YEAR = {2004},
     PAGES = {xvi+211},
      ISBN = {0-521-81151-1; 0-521-01012-8},
   MRCLASS = {90-01 (90C27)},
  MRNUMBER = {2036957 (2004k:90002)},
MRREVIEWER = {Peter Butkovi{\v{c}}},
       DOI = {10.1017/CBO9780511616655},
       URL = {http://dx.doi.org/10.1017/CBO9780511616655},
}
	

@BOOK{matousekgartner,
author={Matousek, J. and G{\"a}rtner, B.},
title={Understanding and Using Linear Programming},
year={2007},
publisher={Springer},
}


@book {approxsdp,
    AUTHOR = {G{\"a}rtner, B. and Matou{\v{s}}ek, J.},
     TITLE = {Approximation algorithms and semidefinite programming},
 PUBLISHER = {Springer, Heidelberg},
      YEAR = {2012},
     PAGES = {xii+251},
      ISBN = {978-3-642-22014-2; 978-3-642-22015-9},
   MRCLASS = {90-02 (05Cxx 68W25 90C22)},
  MRNUMBER = {3015090},
MRREVIEWER = {Jane Juan-Juan Ye},
       DOI = {10.1007/978-3-642-22015-9},
       URL = {http://dx.doi.org/10.1007/978-3-642-22015-9},
}

@book {schrijverencyclopedia,
    AUTHOR = {Schrijver, A.},
     TITLE = {Combinatorial optimization. {P}olyhedra and efficiency. {V}ol.
              {A, B, C}},
    SERIES = {Algorithms and Combinatorics},
    VOLUME = {24},
      myNOTE = {Paths, flows, matchings,
              Chapters 1--38},
 PUBLISHER = {Springer-Verlag, Berlin},
      YEAR = {2003},
     PAGES = {xxxviii+647},
      ISBN = {3-540-44389-4},
   MRCLASS = {90-02 (05-02 52B55 68Q25 68R10 90C27 90C35 90C57)},
  MRNUMBER = {1956924 (2004b:90004a)},
MRREVIEWER = {Alexander I. Barvinok},
}

@BOOK{bcoq,
author={F. Baccelli and G. Cohen and G.J. Olsder and J.P. Quadrat},
title={Synchronization and Linearity},
year={1992},
publisher={Wiley},
}


@INCOLLECTION{abg05,
author={M. Akian and R. Bapat and S. Gaubert},
title={Max-plus algebras},
booktitle={Handbook of Linear Algebra (Discrete Mathematics 
and Its Applications)},
editor={L. Hogben},
volume=39,
publisher={Chapman \& Hall/CRC},
year={2013},
note={Chapter 25, Second Edition  (First edition, 2006)},
}


@book {MR1697198,
    LONGAUTHOR = {Hern{\'a}ndez-Lerma, On{\'e}simo and Lasserre, Jean Bernard},
AUTHOR = {Hern{\'a}ndez-Lerma, O. and Lasserre, J.-B.},
     TITLE = {Further topics on discrete-time {M}arkov control processes},
    SERIES = {Applications of Mathematics (New York)},
    VOLUME = {42},
 PUBLISHER = {Springer-Verlag, New York},
      YEAR = {1999},
     PAGES = {xiv+276},
      ISBN = {0-387-98694-4},
   MRCLASS = {93-02 (49L20 90C40 93E20)},
  MRNUMBER = {1697198 (2000d:93001)},
MRREVIEWER = {Vivek S. Borkar},
       DOI = {10.1007/978-1-4612-0561-6},
       URL = {http://dx.doi.org/10.1007/978-1-4612-0561-6},
}
		



@book {MR1110145,
    AUTHOR = {Borkar, V. S.},
     TITLE = {Topics in controlled {M}arkov chains},
    SERIES = {Pitman Research Notes in Mathematics Series},
    VOLUME = {240},
 PUBLISHER = {Longman Scientific \& Technical, Harlow; copublished in the
              United States with John Wiley \& Sons, Inc., New York},
      YEAR = {1991},
     PAGES = {vi+179},
      ISBN = {0-582-06821-5},
   MRCLASS = {93-02 (60J10 93E99)},
  MRNUMBER = {1110145 (92d:93002)},
MRREVIEWER = {Petr Mandl},
}
		



@book {filar,
    LONGAUTHOR = {Filar, Jerzy and Vrieze, Koos},
AUTHOR = {Filar, J. and Vrieze, K.},
     TITLE = {Competitive {M}arkov decision processes},
 PUBLISHER = {Springer-Verlag, New York},
      YEAR = {1997},
     PAGES = {xii+393},
      ISBN = {0-387-94805-8},
   MRCLASS = {90-02 (90C40 90D15)},
  MRNUMBER = {1418636 (97g:90003)},
MRREVIEWER = {On{\'e}simo Hern{\'a}ndez Lerma},
}


		



@proceedings {sorinneymanbook,
     TITLE = {Stochastic games and applications},
    SERIES = {NATO Science Series C: Mathematical and Physical Sciences},
    VOLUME = {570},
 BOOKTITLE = {Proceedings of the Nato Advanced Study Institute held in Stony
              Brook, NY, July 7--17, 1999},
    LONGEDITOR = {Neyman, Abraham and Sorin, Sylvain},
EDITOR = {Neyman, A. and Sorin, S.},
 PUBLISHER = {Kluwer Academic Publishers},
   ADDRESS = {Dordrecht},
      YEAR = {2003},
     PAGES = {x+473},
      ISBN = {1-4020-1492-9},
   MRCLASS = {91-02 (91-06 91A15)},
  MRNUMBER = {2004h:91004},
}




@book {tspbook,
    LONGAUTHOR = {Applegate, David L. and Bixby, Robert E. and Chv{\'a}tal,
              Va{\v{s}}ek and Cook, William J.},
    AUTHOR = {Applegate, D.L. and Bixby, R.E. and Chv{\'a}tal,
              V. and Cook, W.J.},
     TITLE = {The traveling salesman problem},
    SERIES = {Princeton Series in Applied Mathematics},
      NOTE = {A computational study},
 PUBLISHER = {Princeton University Press, Princeton, NJ},
      YEAR = {2006},
     PAGES = {xii+593},
      ISBN = {978-0-691-12993-8; 0-691-12993-2},
   MRCLASS = {90-02 (68-02 68Q15 68Q25 90C27 90C35 90C57)},
  MRNUMBER = {2286675 (2007i:90002)},
MRREVIEWER = {Ulrich Faigle},
}
		




@incollection{SGB10,
author={G. Sagnol and S. Gaubert and M. Bouhtou},
title={Optimal monitoring on large networks by Successive c-Optimal Designs},
booktitle={Proceedings of the 22nd international teletraffic congress (ITC22), Amsterdam, The Netherlands, September},
year=2010,
publisher={IEEE},
doi={10.1109/ITC.2010.5608717},
}


@PHDTHESIS{sagnolphd,
author={G. Sagnol},
title={Plans d'exp{\'e}riences optimaux et application {\`a} l'estimation des matrices de trafic dans les grands r{\'e}seaux: Programmation conique du second ordre et Sous-modularit\'e},
type={PhD thesis},
school={\'Ecole Nationale Sup\'erieure des Mines de Paris (ENSMP)},
month={December},
year={2010},
}


@INPROCEEDINGS{cooktheorem,
author={S. Cook},
year=1971,
title={The Complexity of Theorem Proving Procedures},
booktitle={Proceedings of the third annual ACM symposium on Theory of computing},
pages={151--158},
}

@ARTICLE{levin,
author={L. Levin},
year=1973,
title={Universal'nye perebornye zadachi},
journal={Problemy Peredachi Informatsii},
volume=9,
number=3,
pages={265--266},
}

@ARTICLE{oberman,
title={A convergent difference scheme for
the Infinity Laplacian:
construction of
absolutely minimizing Lipschitz extensions},
author={A. Oberman},
year={2005},
journal={Mathematics of Computation},
volume=74, number=251, pages={1217--1230},
}

@ARTICLE{edmonds,
title={Paths, trees, and flowers},
journal={Canadian J. Math.},
volume=17, pages={449--467},
year={1965},
author={J. Edmonds},
}



@INPROCEEDINGS{cobham,
author={A. Cobham},
year=1965,
title={The intrinsic computational difficulty of functions},
booktitle={Proc. Logic, Methodology, and Philosophy of Science II}, 
publisher={North Holland},
}

@ARTICLE{bacaer,
author={N. Bacaer},
title={Mod\`eles math\'ematiques pour l'optimisation des rotations},
journal={Comptes Rendus de l'Acad\'emie d'Agriculture de France},
volme=89,number=3,
pages={52},
year={2003},
}

@misc{1405.4161,
Author = {X. Allamigeon and P. Benchimol and S. Gaubert and M. Joswig},
Title = {Long and winding central paths},
Year = {2014},
note = {arXiv:1405.4161},
}

@BOOK{bigard,
author={A. Bigard and K. Keimel and S. Wolfenstein},
title={Groupes et anneaux r\'eticul\'es},
series={Lecture notes in Mathematics},
publisher={Springer},
number={608},
year={1977},
}

@PHDTHESIS{benchimolphd,
title={Tropical aspects of linear programming},
author={P. Benchimol},
school={\'Ecole Polytechnique},
year={2014},
}