
@BOOK{Ba,
author={R. Bhatia},
title={Matrix Analysis},
publisher={Springer},
year={1996},
}
@BOOK{EkTe,
author={I. Ekeland and R. Teman},
title={Convex Analysis and Variational Problems},
publisher={Society for Industrial and Applied Mathematics},
year={1999},
}
@article {Ka,
    LONGAUTHOR = {Karlsson, Anders},
AUTHOR = {Karlsson, A.},
     TITLE = {Non-expanding maps and {B}usemann functions},
   JOURNAL = {Ergodic Theory Dynam. Systems},
  FJOURNAL = {Ergodic Theory and Dynamical Systems},
    VOLUME = {21},
      YEAR = {2001},
    NUMBER = {5},
     PAGES = {1447--1457},
      ISSN = {0143-3857},
   MRCLASS = {37D40 (37B99 37H99)},
  MRNUMBER = {MR1855841 (2002f:37055)},
MRREVIEWER = {Athanase Papadopoulos},
       DOI = {10.1017/S0143385701001699},
       URL = {http://dx.doi.org/10.1017/S0143385701001699},
}


@article {KoNe,
    LONGAUTHOR = {Kohlberg, Elon and Neyman, Abraham},
 AUTHOR = {Kohlberg, E. and Neyman, A.},
     TITLE = {Asymptotic behavior of nonexpansive mappings in normed linear
              spaces},
   JOURNAL = {Israel J. Math.},
  FJOURNAL = {Israel Journal of Mathematics},
    VOLUME = {38},
      YEAR = {1981},
    NUMBER = {4},
     PAGES = {269--275},
      ISSN = {0021-2172},
     CODEN = {ISJMAP},
   MRCLASS = {47H09},
  MRNUMBER = {MR617673 (83g:47056)},
MRREVIEWER = {Simeon Reich},
       DOI = {10.1007/BF02762772},
       URL = {http://dx.doi.org/10.1007/BF02762772},
}

@book {MaOl,
    LONGAUTHOR = {Marshall, Albert W. and Olkin, Ingram},
AUTHOR = {Marshall, A. W. and Olkin, I.},
     TITLE = {Inequalities: theory of majorization and its applications},
    SERIES = {Mathematics in Science and Engineering},
    VOLUME = {143},
 PUBLISHER = {Academic Press Inc. [Harcourt Brace Jovanovich Publishers]},
   ADDRESS = {New York},
      YEAR = {1979},
     PAGES = {xx+569},
      ISBN = {0-12-473750-1},
   MRCLASS = {00A05 (05-02 15A42 15A45 52A40 60E15 65-02)},
  MRNUMBER = {MR552278 (81b:00002)},
MRREVIEWER = {Michael O. Albertson},
}


@article {Nu,
    LONGAUTHOR = {Nussbaum, Roger D.},
    AUTHOR = {Nussbaum, R. D.},
     TITLE = {Hilbert's projective metric and iterated nonlinear maps},
   JOURNAL = {Mem. Amer. Math. Soc.},
  FJOURNAL = {Memoirs of the American Mathematical Society},
    VOLUME = {75},
      YEAR = {1988},
    NUMBER = {391},
     PAGES = {iv+137},
      ISSN = {0065-9266},
     CODEN = {MAMCAU},
   MRCLASS = {47H07 (47H12 58C40 92A05)},
  MRNUMBER = {MR961211 (89m:47046)},
MRREVIEWER = {A. J. B. Potter},
}
@article {verdyun,
    AUTHOR = {Nussbaum, Roger D. and {Verdyn Lunel}, S. M.},
     TITLE = {Generalizations of the Perron-
Frobenius theorem for nonlinear maps.},
   JOURNAL = {Mem. Amer. Math. Soc.},
  FJOURNAL = {Memoirs of the American Mathematical Society},
    VOLUME = {138},
      YEAR = {1999},
}


@article {GG04,
    LONGAUTHOR = {Gaubert, St{\'e}phane and Gunawardena, Jeremy},
AUTHOR = {Gaubert, S. and Gunawardena, J.},
     TITLE = {The {P}erron-{F}robenius theorem for homogeneous, monotone
              functions},
   JOURNAL = {Trans. Amer. Math. Soc.},
  FJOURNAL = {Transactions of the American Mathematical Society},
    VOLUME = {356},
      YEAR = {2004},
    NUMBER = {12},
     PAGES = {4931--4950},
      ISSN = {0002-9947},
     CODEN = {TAMTAM},
   MRCLASS = {15A48 (47H09 47J10)},
  MRNUMBER = {MR2084406 (2006d:15038)},
       DOI = {10.1090/S0002-9947-04-03470-1},
       URL = {http://dx.doi.org/10.1090/S0002-9947-04-03470-1},
}

@book {gromov,
    AUTHOR = {Ballmann, W. and Gromov, M. and Schroeder, V.},
     TITLE = {Manifolds of nonpositive curvature},
    SERIES = {Progress in Mathematics},
    VOLUME = {61},
 PUBLISHER = {Birkh\"auser Boston Inc.},
   ADDRESS = {Boston, MA},
      YEAR = {1985},
     PAGES = {vi+263},
      ISBN = {0-8176-3181-X},
   MRCLASS = {53C20},
  MRNUMBER = {MR823981 (87h:53050)},
MRREVIEWER = {Gudlaugur Thorbergsson},
}

@inproceedings{gromov78,
    AUTHOR = {Gromov, M.},
     TITLE = {Hyperbolic manifolds, groups and actions},
 BOOKTITLE = {Riemann surfaces and related topics: Proceedings of the 1978
              Stony Brook Conference (State Univ. New York, Stony Brook,
              N.Y., 1978)},
    SERIES = {Ann. of Math. Stud.},
    VOLUME = {97},
     PAGES = {183--213},
 PUBLISHER = {Princeton Univ. Press},
   ADDRESS = {Princeton, N.J.},
      YEAR = {1981},
   MRCLASS = {53C15 (53C45 58F17)},
  MRNUMBER = {MR624814 (82m:53035)},
MRREVIEWER = {M. Rees},
}





@BOOK{ballmann,
author={W. Ballmann},
title={Lecture on spaces of nonpositive curvature},
publisher={Birkh\"auser},
year=1995,
}




@ARTICLE{AGW,
author={M. Akian and S. Gaubert and C. Walsh},
title={The max-plus {M}artin boundary},
Fjournal={Documenta Mathematica},
JOURNAL = {Doc. Math.},
volume={14},
pages={195-240},
mynote={Also arXiv:math.MG/0412408},
year = 2009,
}


@article {AGLN,
  title={{Iteration of order preserving subhomogeneous maps on a cone}},
  author={Akian, M. and Gaubert, S. and Lemmens, B. and Nussbaum, R.},
   JOURNAL = {Math. Proc. Cambridge Philos. Soc.},
  Fjournal={Mathematical Proceedings of the Cambridge Philosophical Society},
  volume={140},
  number={01},
  pages={157--176},
  year={2006},
}

@article{lins,
  title={{A Denjoy--Wolff theorem for Hilbert metric nonexpansive maps on polyhedral domains}},
  author={Lins, B.},
   JOURNAL = {Math. Proc. Cambridge Philos. Soc.},
  Fjournal={Mathematical Proceedings of the Cambridge Philosophical Society},
  volume={143},
  number={01},
  pages={157--164},
  year={2007},
}

@article{PlRe,
  title={{The asymptotics of nonexpansive iterations}},
  author={Plant, A.T. and Reich, S.},
  journal={Journal of Functional Analysis},
  volume={54},
  number={3},
  pages={308--319},
  year={1983},
}

@article{reich,
  title={{Asymptotic behavior of contractions in Banach spaces}},
  author={Reich, S.},
  journal={J. Math. Anal. Appl.},
  volume={44},
  pages={57--70},
  year={1973},
}

@book{Papa05,
  title={{Metric spaces, convexity and nonpositive curvature}},
  author={Papadopoulos, A.},
  year={2005},
  publisher={European Mathematical Society}
}



@incollection {neymansurv,
    AUTHOR = {Neyman, A.},
     TITLE = {Stochastic games and nonexpansive maps},
 BOOKTITLE = {Stochastic games and applications (Stony Brook, NY, 1999)},
    SERIES = {NATO Sci. Ser. C Math. Phys. Sci.},
    VOLUME = {570},
     PAGES = {397--415},
 PUBLISHER = {Kluwer Acad. Publ.},
   ADDRESS = {Dordrecht},
      YEAR = {2003},
   MRCLASS = {91A15 (47H09 47N10)},
  MRNUMBER = {2 035 569},
}

@article {Neyman,
  title={Stochastic games and nonexpansive maps},
  author={Neyman, A.},
  journal={Stochastic games and applications (Stony Brook, NY, 1999)},
  volume={570},
  pages={397--415}
}


@article {bougerol,
    LONGAUTHOR = {Bougerol, Philippe},
AUTHOR = {Bougerol, Ph.},
     TITLE = {Almost sure stabilizability and {R}iccati's equation of linear
              systems with random parameters},
   JOURNAL = {SIAM J. Control Optim.},
  FJOURNAL = {SIAM Journal on Control and Optimization},
    VOLUME = {33},
      YEAR = {1995},
    NUMBER = {3},
     PAGES = {702--717},
      ISSN = {0363-0129},
     CODEN = {SJCODE},
   MRCLASS = {93D15 (60G10 93E15)},
  MRNUMBER = {96b:93085},
MRREVIEWER = {Engin Yaz},
}



@ARTICLE{mxpnxp0,
author={J. Gunawardena},
title={From max-plus algebra to nonexpansive maps: a nonlinear theory for
  discrete event systems},
Fjournal={Theoretical Computer Science}, 
JOURNAL = {Theoret. Comput. Sci.},
volume=293,
number=1,
pages={141--167},
year=2003,
}


@article {wolff,
    AUTHOR = {Wolff, J.},
     TITLE = {Sur l'it\'eration des fonctions holomorphes dans un demi-plan},
   JOURNAL = {Bull. Soc. Math. France},
  FJOURNAL = {Bulletin de la Soci\'et\'e Math\'ematique de France},
    VOLUME = {57},
      YEAR = {1929},
     PAGES = {195--203},
      ISSN = {0037-9484},
     CODEN = {BSMFAA},
   MRCLASS = {Contributed Item},
  MRNUMBER = {1504949},
       URL = {http://www.numdam.org/item?id=BSMF_1929__57__195_0},
}

@book {reichshoiket,
    LONGAUTHOR = {Reich, Simeon and Shoikhet, David},
AUTHOR = {Reich, S. and Shoikhet, D.},
     TITLE = {Nonlinear semigroups, fixed points, and geometry of domains in
              {B}anach spaces},
 PUBLISHER = {Imperial College Press},
   ADDRESS = {London},
      YEAR = {2005},
     PAGES = {xvi+354},
      ISBN = {1-86094-575-9},
   MRCLASS = {47H20 (32F45 46G20 46T25 47H10 54H25 58B12 58C10)},
  MRNUMBER = {2022955 (2006g:47105)},
MRREVIEWER = {Marco Abate},
}
	
@ARTICLE{wolff1,
author={J. Wolff},
title={Sur l'it\'eration des fonctions born\'ees},
journal={C.R. Acad. Sci. Paris},
volume=182,
year=1926,
pages={200-201},
}

@ARTICLE{wolff2,
author={J. Wolff},
title={Sur une g\'en\'eralisation d'un th\'eor\`eme de {S}chwarz},
journal={C.R. Acad. Sci. Paris},
volume={182-183},
year=1926,
pages={918-920, 500-502}
}
@ARTICLE{denjoy,
author={A. Denjoy},
title={Sur l'it{\'e}ration des fonctions analytiques},
journal={C.R. Acad. Sci. Paris},
volume=182,
year=1926,
pages={255-257},
}


@article {gunawardenawalsh,
    LONGAUTHOR = {Gunawardena, Jeremy and Walsh, Cormac},
AUTHOR = {Gunawardena, J. and Walsh, C.},
     TITLE = {Iterates of maps which are non-expansive in {H}ilbert's
              projective metric},
      NOTE = {Special issue on max-plus algebras (Prague, 2001)},
   JOURNAL = {Kybernetika (Prague)},
  FJOURNAL = {Kybernetika},
    VOLUME = {39},
      YEAR = {2003},
    NUMBER = {2},
     PAGES = {193--204},
      ISSN = {0023-5954},
   MRCLASS = {47H09},
  MRNUMBER = {1996557 (2004m:47119)},
MRREVIEWER = {Itai Shafrir},
}


@article{pazy,
  title={Asymptotic behavior of contractions in {H}ilbert space},
  author={Pazy, A.},
 JOURNAL = {Israel J. Math.},
  FJOURNAL = {Israel Journal of Mathematics},
  volume={9},
  number={2},
  pages={235--240},
  year={1971},
}


@book{NeSo,
  title={{Stochastic games and applications}},
  author={Neyman, A. and Sorin, S.},
  year={2004},
  publisher={Kluwer Academic Publishers}
}

	
@article {papadopoulos,
    LONGAUTHOR = {Papadopoulos, Athanase and Troyanov, Marc},
AUTHOR = {Papadopoulos, A. and Troyanov, M.},
     TITLE = {Weak {F}insler structures and the {F}unk weak metric},
   JOURNAL = {Math. Proc. Cambridge Philos. Soc.},
  FJOURNAL = {Mathematical Proceedings of the Cambridge Philosophical
              Society},
    VOLUME = {147},
      YEAR = {2009},
    NUMBER = {2},
     PAGES = {419--437},
      ISSN = {0305-0041},
     CODEN = {MPCPCO},
   MRCLASS = {53C60 (53C22 58B20)},
  MRNUMBER = {2525935 (2010g:53141)},
MRREVIEWER = {Carlos Ogouyandjou},
       DOI = {10.1017/S0305004109002461},
       URL = {http://dx.doi.org/10.1017/S0305004109002461},
}
@article {walsh,
    LONGAUTHOR = {Walsh, Cormac},
AUTHOR = {Walsh, C.},
     TITLE = {The horofunction boundary of the {H}ilbert geometry},
   JOURNAL = {Adv. Geom.},
  FJOURNAL = {Advances in Geometry},
    VOLUME = {8},
      YEAR = {2008},
    NUMBER = {4},
     PAGES = {503--529},
      ISSN = {1615-715X},
     CODEN = {AGDEA3},
   MRCLASS = {53C23 (51F99 51K99 53C70)},
  MRNUMBER = {2456635 (2009m:53108)},
MRREVIEWER = {Athanase Papadopoulos},
       DOI = {10.1515/ADVGEOM.2008.032},
       URL = {http://dx.doi.org/10.1515/ADVGEOM.2008.032},
}


@article {lewis,
    AUTHOR = {Lewis, A. S.},
     TITLE = {Convex analysis on the {H}ermitian matrices},
   JOURNAL = {SIAM J. Optim.},
  FJOURNAL = {SIAM Journal on Optimization},
    VOLUME = {6},
      YEAR = {1996},
    NUMBER = {1},
     PAGES = {164--177},
      ISSN = {1052-6234},
     CODEN = {SJOPE8},
   MRCLASS = {49N15 (15A45 65K05)},
  MRNUMBER = {1377729 (97g:49045)},
       DOI = {10.1137/0806009},
       URL = {http://dx.doi.org/10.1137/0806009},
}


@book {horn,
    LONGAUTHOR = {Horn, Roger A. and Johnson, Charles R.},
AUTHOR = {Horn, R. A. and Johnson, C. R.},
     TITLE = {Topics in matrix analysis},
      NOTE = {Corrected reprint of the 1991 original},
 PUBLISHER = {Cambridge University Press},
   ADDRESS = {Cambridge},
      YEAR = {1994},
     PAGES = {viii+607},
      ISBN = {0-521-46713-6},
   MRCLASS = {15-02 (15-01 65-02 65Fxx)},
  MRNUMBER = {1288752 (95c:15001)},
}


@article {beardon,
    AUTHOR = {Beardon, A. F.},
     TITLE = {The dynamics of contractions},
   JOURNAL = {Ergodic Theory Dynam. Systems},
  FJOURNAL = {Ergodic Theory and Dynamical Systems},
    VOLUME = {17},
      YEAR = {1997},
    NUMBER = {6},
     PAGES = {1257--1266},
      ISSN = {0143-3857},
   MRCLASS = {58F08 (54H20)},
  MRNUMBER = {1488316 (99j:58107)},
       DOI = {10.1017/S0143385797086434},
       URL = {http://dx.doi.org/10.1017/S0143385797086434},
}




@article {nussbaum86,
    AUTHOR = {Nussbaum, R. D.},
    AMSAUTHOR = {Nussbaum, Roger D.},
     TITLE = {Convexity and log convexity for the spectral radius},
   JOURNAL = {Linear Algebra Appl.},
  FJOURNAL = {Linear Algebra and its Applications},
    VOLUME = {73},
      YEAR = {1986},
     PAGES = {59--122},
      ISSN = {0024-3795},
     CODEN = {LAAPAW},
   MRCLASS = {15A48 (92A15)},
  MRNUMBER = {MR818894 (87g:15026)},
MRREVIEWER = {Marvin Marcus},
}

@article {MR2268510,
    AUTHOR = {Karlsson, A. and Metz, V. and Noskov, G. A.},
     TITLE = {Horoballs in simplices and {M}inkowski spaces},
   JOURNAL = {Int. J. Math. Math. Sci.},
  FJOURNAL = {International Journal of Mathematics and Mathematical
              Sciences},
      YEAR = {2006},
     PAGES = {Art. ID 23656, 20},
      ISSN = {0161-1712},
   MRCLASS = {53C22 (37D40)},
  MRNUMBER = {2268510 (2007k:53047)},
MRREVIEWER = {Kim E. Ruane},
}


@ARTICLE{walshnussbaum,
author={R. D. Nussbaum and C. Walsh},
title={A Metric Inequality for the {T}hompson and {H}ilbert Geometries},
journal={J. Inequalities Pure Appl. Math.},
volume=5,
number=3,
year=2004,
}



@book {faraut,
    LONGAUTHOR = {Faraut, Jacques and Kor{\'a}nyi, Adam},
AUTHOR = {Faraut, J. and Kor{\'a}nyi, A.},
     TITLE = {Analysis on symmetric cones},
    SERIES = {Oxford Mathematical Monographs},
      MYNOTE = {Oxford Science Publications},
 PUBLISHER = {The Clarendon Press Oxford University Press},
   ADDRESS = {New York},
      YEAR = {1994},
     PAGES = {xii+382},
      ISBN = {0-19-853477-9},
   MRCLASS = {17C37 (22E30 33C80 35A30 43A85 46-02)},
  MRNUMBER = {1446489 (98g:17031)},
MRREVIEWER = {Hong Ming Ding},
}


@article {rieffel,
    LONGAUTHOR = {Rieffel, Marc A.},
AUTHOR = {Rieffel, M. A.},
     TITLE = {Group {$C\sp *$}-algebras as compact quantum metric spaces},
   JOURNAL = {Doc. Math.},
  FJOURNAL = {Documenta Mathematica},
    VOLUME = {7},
      YEAR = {2002},
     OLDPAGES = {605--651 (electronic)},
PAGES = {605--651},
      ISSN = {1431-0643},
   MRCLASS = {22D25 (20F65 20F69 46L55 46L87 58J42)},
  MRNUMBER = {MR2015055 (2004k:22009)},
MRREVIEWER = {Alain Valette},
}


@article {walsh07,
    LONGAUTHOR = {Walsh, Cormac},
AUTHOR = {Walsh, C.},
     TITLE = {The horofunction boundary of finite-dimensional normed spaces},
   JOURNAL = {Math. Proc. Cambridge Philos. Soc.},
  FJOURNAL = {Mathematical Proceedings of the Cambridge Philosophical
              Society},
    VOLUME = {142},
      YEAR = {2007},
    NUMBER = {3},
     PAGES = {497--507},
      ISSN = {0305-0041},
     CODEN = {MPCPCO},
   MRCLASS = {53C70 (46B20 52A41)},
  MRNUMBER = {2329698 (2008e:53150)},
MRREVIEWER = {Claire Anantharaman-Delaroche},
       DOI = {10.1017/S0305004107000096},
       URL = {http://dx.doi.org/10.1017/S0305004107000096},
}



@article {MR1960046,
    LONGAUTHOR = {Burbanks, Andrew D. and Nussbaum, Roger D. and Sparrow, Colin
              T.},
AUTHOR = {Burbanks, A. D. and Nussbaum, R. D. and Sparrow, C.
              T.},
     TITLE = {Extension of order-preserving maps on a cone},
   JOURNAL = {Proc. Roy. Soc. Edinburgh Sect. A},
  FJOURNAL = {Proceedings of the Royal Society of Edinburgh. Section A.
              Mathematics},
    VOLUME = {133},
      YEAR = {2003},
    NUMBER = {1},
     PAGES = {35--59},
      ISSN = {0308-2105},
     CODEN = {PEAMDU},
   MRCLASS = {47H07 (46A40 47A63 47J10)},
  MRNUMBER = {1960046 (2004a:47061)},
       DOI = {10.1017/S0308210500002274},
       URL = {http://dx.doi.org/10.1017/S0308210500002274},
}
	
@article{shapley,
  title={{Stochastic games}},
  author={Shapley, L.S.},
  journal={Proceedings of the National Academy of Sciences of the United States of America},
  volume={39},
  number={10},
  pages={1095},
  year={1953},
  publisher={National Academy of Sciences}
}

@article{rosenbergsorin,
  title={An operator approach to zero-sum repeated games},
  author={Rosenberg, D. and Sorin, S.},
   JOURNAL = {Israel J. Math.},
  FJOURNAL={Israel Journal of Mathematics},
  volume={121},
  number={1},
  pages={221--246},
  issn={0021-2172},
  year={2001},
  publisher={Springer}
}
@article {lins2009,
    LONGAUTHOR = {Lins, Brian},
AUTHOR = {Lins, B.},
     TITLE = {Asymptotic behavior of nonexpansive mappings in finite
              dimensional normed spaces},
   JOURNAL = {Proc. Amer. Math. Soc.},
  FJOURNAL = {Proceedings of the American Mathematical Society},
    VOLUME = {137},
      YEAR = {2009},
    NUMBER = {7},
     PAGES = {2387--2392},
      ISSN = {0002-9939},
     CODEN = {PAMYAR},
   MRCLASS = {47H09},
  MRNUMBER = {2495273 (2010e:47109)},
MRREVIEWER = {Bas Lemmens},
       DOI = {10.1090/S0002-9939-08-09779-7},
       URL = {http://dx.doi.org/10.1090/S0002-9939-08-09779-7},
}
	
@article {nussbaum07,
    LONGAUTHOR = {Nussbaum, Roger D.},
AUTHOR = {Nussbaum, R. D.},
     TITLE = {Fixed point theorems and {D}enjoy-{W}olff theorems for
              {H}ilbert's projective metric in infinite dimensions},
   JOURNAL = {Topol. Methods Nonlinear Anal.},
  FJOURNAL = {Topological Methods in Nonlinear Analysis},
    VOLUME = {29},
      YEAR = {2007},
    NUMBER = {2},
     PAGES = {199--249},
      ISSN = {1230-3429},
   MRCLASS = {47H09 (37B99 47H07 47H10 52A20 52A21)},
  MRNUMBER = {2345061 (2009a:47100)},
MRREVIEWER = {Bas Lemmens},
}
	
@book {bowen,
    LONGAUTHOR = {Bowen, Rufus},
AUTHOR = {Bowen, R.},
     TITLE = {Equilibrium states and the ergodic theory of {A}nosov
              diffeomorphisms},
    SERIES = {Lecture Notes in Mathematics},
    VOLUME = {470},
   EDITION = {revised},
      AMSNOTE = {With a preface by David Ruelle,
              Edited by Jean-Ren{\'e} Chazottes},
 PUBLISHER = {Springer-Verlag},
   ADDRESS = {Berlin},
      YEAR = {2008},
     PAGES = {viii+75},
      ISBN = {978-3-540-77605-5},
   MRCLASS = {37C40 (28D05 37A25 37D20)},
  MRNUMBER = {2423393 (2009d:37038)},
}
	

@techreport{GuKe,
  title={On the existence of cycle times for some nonexpansive maps},
  author={Gunawardena, J. and Keane, M.},
  year={1995},
  institution={Citeseer}
}

@BOOK{aliprantisborder,
title={Infinite dimensional analysis},
publisher={Springer},
year={2006},
author={C.D. Aliprantis and K.C. Border},
}
	
@ARTICLE{bhatia,
author={R. Bhatia},
title={On the exponential metric increasing property},
JOURNAL = {Linear Algebra Appl.},
FJOURNAL={Linear Algebra and its Applications},
year={2003},
volume=375,
pages={211-220},
}

@ARTICLE{mostow,
author={G.D. Mostow},
title={Some new decomposition theorems for semisimple groups},
journal={Memoirs Amer. Math. Soc.},
volume=14,
year=1955,
pages={31-54},
}

@article{MSZ,
  title={Repeated games. CORE Reprint Dps 9420, 9421 and 9422},
  author={Mertens, J.-F. and Sorin, S. and Zamir, S.},
  journal={Center for Operation Research and Econometrics, Universite Catholique De Louvain, Belgium},
  year={1994}
}

@article{Nowak,
  title={Zero-sum stochastic games with {B}orel state spaces},
  author={Nowak, A.S.},
  journal={Stochastic games and applications},
  pages={77},
  year={2003},
  publisher={Springer Netherlands}
}


@article{lemmens,
title={On the dynamics of sup-norm nonexpansive maps},
author={B. Lemmens and M. Scheutzow},
journal={Ergodic Theory Dynam. Systems},
volume=25,
number=3,
year=2005,
pages={861-871},
}
@article{friedlandfreitas,
author={S. Friedland and P. J. Freitas},
title={$p$-metrics on $\mathbf{GL}(m,\mathbb{C})/\mathbf{U}_n$ and their Busemann compactifications},
JOURNAL = {Linear Algebra Appl.},
volume={376},
year=2004,
pages={1-18},
}

@ARTICLE{nussbaumfinsler,
author={R. D. Nussbaum},
title={Finsler structures for the part metric and Hilbert's projective metric and applications to ordinary differential equations},
journal={Differential and Integral Equations},
volume=7,
number=6,
pages={1649-1707},
year={1994},
}

@ARTICLE{leelim,
author={Hosoo Lee and Yongdo Lim},
title={Invariant metrics, contractions and nonlinear matrix
equations},
journal={Nonlinearity},
volume=28,
year=2008,
pages={857--878},
}

@article {liverani,
    AUTHOR = {Liverani, C. and Wojtkowski, M. P.},
    LONGAUTHOR = {Liverani, Carlangelo and Wojtkowski, Maciej P.},
     TITLE = {Generalization of the {H}ilbert metric to the space of
              positive definite matrices},
   JOURNAL = {Pacific J. Math.},
  FJOURNAL = {Pacific Journal of Mathematics},
    VOLUME = {166},
      YEAR = {1994},
    NUMBER = {2},
     PAGES = {339--355},
      ISSN = {0030-8730},
     CODEN = {PJMAAI},
   MRCLASS = {53C60 (15A48)},
  MRNUMBER = {1313459 (95m:53099)},
MRREVIEWER = {Sorin Dragomir},
       URL = {http://projecteuclid.org/getRecord?id=euclid.pjm/1102621142},
}

@article {lawsonlimmetric,
    LONGAUTHOR = {Lawson, Jimmie and Lim, Yongdo},
AUTHOR = {Lawson, J. and Lim, Yongdo},
     TITLE = {Metric convexity of symmetric cones},
   JOURNAL = {Osaka J. Math.},
  FJOURNAL = {Osaka Journal of Mathematics},
    VOLUME = {44},
      YEAR = {2007},
    NUMBER = {4},
     PAGES = {795--816},
      ISSN = {0030-6126},
     CODEN = {OJMAA7},
   MRCLASS = {46L99 (46B20 47H99 58B20)},
  MRNUMBER = {2383810 (2009f:46095)},
MRREVIEWER = {Gustavo Corach},
       URL = {http://projecteuclid.org/getRecord?id=euclid.ojm/1199719405},
}

@article {lawsonlimriccati,
    LONGAUTHOR = {Lawson, Jimmie and Lim, Yongdo},
   AUTHOR = {Lawson, J. and Lim, Yongdo},
     TITLE = {A {B}irkhoff contraction formula with applications to
              {R}iccati equations},
   JOURNAL = {SIAM J. Control Optim.},
  FJOURNAL = {SIAM Journal on Control and Optimization},
    VOLUME = {46},
      YEAR = {2007},
    NUMBER = {3},
     OLDPAGES = {930--951 (electronic)},
PAGES={930--951},
      ISSN = {0363-0129},
   MRCLASS = {37J05 (15A24 22E15 93B52)},
  MRNUMBER = {2338433 (2009d:37097)},
MRREVIEWER = {Peter Benner},
       DOI = {10.1137/050637637},
       URL = {http://dx.doi.org/10.1137/050637637},
}

@article {andruchowcorachstojanoff,
    AUTHOR = {Andruchow, E. and Corach, G. and Stojanoff, D.},
     TITLE = {Geometrical significance of {L}\"owner-{H}einz inequality},
   JOURNAL = {Proc. Amer. Math. Soc.},
  FJOURNAL = {Proceedings of the American Mathematical Society},
    VOLUME = {128},
      YEAR = {2000},
    NUMBER = {4},
     PAGES = {1031--1037},
      ISSN = {0002-9939},
     CODEN = {PAMYAR},
   MRCLASS = {46L05 (47A63 58B20)},
  MRNUMBER = {1636922 (2000j:46100)},
MRREVIEWER = {Takayuki Furuta},
       DOI = {10.1090/S0002-9939-99-05085-6},
       URL = {http://dx.doi.org/10.1090/S0002-9939-99-05085-6},
}
		

@article {ishiimitake,
    LONGAUTHOR = {Ishii, Hitoshi and Mitake, Hiroyoshi},
     AUTHOR = {Ishii, H. and Mitake, H.},
     TITLE = {Representation formulas for solutions of {H}amilton-{J}acobi
              equations with convex {H}amiltonians},
   JOURNAL = {Indiana Univ. Math. J.},
  FJOURNAL = {Indiana University Mathematics Journal},
    VOLUME = {56},
      YEAR = {2007},
    NUMBER = {5},
     PAGES = {2159--2183},
      ISSN = {0022-2518},
     CODEN = {IUMJAB},
   MRCLASS = {35F20 (35C05)},
  MRNUMBER = {2360607 (2008k:35049)},
MRREVIEWER = {Gawtum Namah},
       DOI = {10.1512/iumj.2007.56.3048},
       URL = {http://dx.doi.org/10.1512/iumj.2007.56.3048},
}
	


@ARTICLE{Nuss-Mallet,
author={J. Mallet-Paret and Roger Nussbaum},
title={Eigenvalues for a Class of Homogeneous Cone Maps Arising from Max-Plus Operators},
year={2002},
volume=8,
number=3,
mymonth={July},
pages={519--562},
JOURNAL = {Discrete Contin. Dyn. Syst.},
FJOURNAL = {Discrete and Continuous Dynamical Systems. Series A},
}

@article {funk,
    LONGAUTHOR = {Funk, Paul},
AUTHOR = {Funk, P.},
     TITLE = {\"{U}ber {G}eometrien, bei denen die {G}eraden die
              {K}\"urzesten sind},
   JOURNAL = {Math. Ann.},
  FJOURNAL = {Mathematische Annalen},
    VOLUME = {101},
      YEAR = {1929},
    NUMBER = {1},
     PAGES = {226--237},
      ISSN = {0025-5831},
     CODEN = {MAANA},
   MRCLASS = {Contributed Item},
  MRNUMBER = {1512527},
       DOI = {10.1007/BF01454835},
       URL = {http://dx.doi.org/10.1007/BF01454835},
}
	


@ARTICLE{ishii,
title={Representation formulas for solutions of HamiltonâJacobi equations with convex Hamiltonians},
journal={Indiana Univ. Math. J.},
volume=56,
number=5,
year=2007,
author={H. Ishii and H. Mitake},
}


@article {carda,
    AUTHOR = {Cardaliaguet, Pierre},
     TITLE = {Ergodicity of {H}amilton-{J}acobi equations with a noncoercive
              nonconvex {H}amiltonian in {$\Bbb R^2/\Bbb Z^2$}},
   JOURNAL = {Ann. Inst. H. Poincar\'e Anal. Non Lin\'eaire},
  FJOURNAL = {Annales de l'Institut Henri Poincar\'e. Analyse Non
              Lin\'eaire},
    VOLUME = {27},
      YEAR = {2010},
    NUMBER = {3},
     PAGES = {837--856},
      ISSN = {0294-1449},
   MRCLASS = {35F21 (35B40 37J05 49L25)},
  MRNUMBER = {2629882 (2011e:35059)},
MRREVIEWER = {Fabio Camilli},
       DOI = {10.1016/j.anihpc.2009.11.015},
}



@article {MR2142949,
    AUTHOR = {Lemmens, Bas and Scheutzow, Michael},
     TITLE = {On the dynamics of sup-norm non-expansive maps},
   JOURNAL = {Ergodic Theory Dynam. Systems},
  FJOURNAL = {Ergodic Theory and Dynamical Systems},
    VOLUME = {25},
      YEAR = {2005},
    NUMBER = {3},
     PAGES = {861--871},
      ISSN = {0143-3857},
   MRCLASS = {37C99 (05A16 37D99 47H99)},
  MRNUMBER = {2142949 (2006c:37021)},
MRREVIEWER = {U. Krengel},
       DOI = {10.1017/S0143385704000665},
       URL = {http://dx.doi.org/10.1017/S0143385704000665},
}
		







@article {MR1047751,
    AUTHOR = {Nussbaum, Roger D.},
     TITLE = {Omega limit sets of nonexpansive maps: finiteness and
              cardinality estimates},
   JOURNAL = {Differential Integral Equations},
  FJOURNAL = {Differential and Integral Equations. An International Journal
              for Theory and Applications},
    VOLUME = {3},
      YEAR = {1990},
    NUMBER = {3},
     PAGES = {523--540},
      ISSN = {0893-4983},
   MRCLASS = {47H09 (47H07 47H20 54H20)},
  MRNUMBER = {1047751 (91f:47079)},
MRREVIEWER = {A. J. B. Potter},
}
@UNPUBLISHED{linsN,
title={Denjoy-Wolff theorems for Hilbert's and Thompson's metric spaces},
author={B. Lemmens and B. Lins and R. Nussbaum and M. Wortel}, 
note={J. d'Analyse Math., to appear.},
year={2014},
}




@article {bewkohl,
   AUTHOR = {Bewley, T. and Kohlberg, E.},
    TITLE = {The asymptotic solution of a recursion equation occurring in
             stochastic games},
  JOURNAL = {Math. Oper. Res.},
   VOLUME = {1},
     YEAR = {1976},
   NUMBER = {4},
    PAGES = {321--336},
  MRCLASS = {93E05 (90D15 93E20)},
 MRNUMBER = {58\#26421},
}
@incollection {Ney03,
    AUTHOR = {Neyman, A.},
     TITLE = {Stochastic games and nonexpansive maps},
editor={A. Neyman and S. Sorin},
 BOOKTITLE = {Stochastic games and applications (Stony Brook, NY, 1999)},
    SERIES = {NATO Sci. Ser. C Math. Phys. Sci.},
    VOLUME = {570},
     PAGES = {397--415},
 PUBLISHER = {Kluwer Acad. Publ.},
   ADDRESS = {Dordrecht},
      YEAR = {2003},
   MRCLASS = {91A15 (47H09 47N10)},
  MRNUMBER = {2 035 569},
note={Chapter 26},
}


@article{Vipreprint,
  title={A zero-sum stochastic game with compact action sets and no
asymptotic value},
  author={G. Vigeral},
  journal={Dynamic Games and Applications},
    volume={3},
  number={2},
  pages={172--186},
  year={2013},
  }


@article {kapranovbis,
    LONGAUTHOR = {Einsiedler, Manfred and Kapranov, Mikhail and Lind, Douglas},
AUTHOR = {Einsiedler, M. and Kapranov, M. and Lind, D.},
     TITLE = {Non-{A}rchimedean amoebas and tropical varieties},
   JOURNAL = {J. Reine Angew. Math.},
  FJOURNAL = {Journal f\"ur die Reine und Angewandte Mathematik. [Crelle's
              Journal]},
    VOLUME = {601},
      YEAR = {2006},
     PAGES = {139--157},
      ISSN = {0075-4102},
     CODEN = {JRMAA8},
   MRCLASS = {14G20 (14P05 28D20 32A60 52B20)},
  MRNUMBER = {MR2289207 (2007k:14038)},
MRREVIEWER = {Thomas Ward},
       DOI = {10.1515/CRELLE.2006.097},
       URL = {http://dx.doi.org/10.1515/CRELLE.2006.097},
}

@BOOK{itenberg,
author={I. Itenberg and G. Mikhalkin and E. Shustin},
title={Tropical algebraic geometry},
publisher={Birkh\"auser},
year={2007},
series={Oberwolfach seminars},
}


@UNPUBLISHED{arithmetic,
author={A. Connes and C. Consani},
title={Geometry of the Arithmetic Site},
year={2015},
}




@incollection {MR2664678,
    AUTHOR = {Izhakian, Zur and Rowen, Louis},
     TITLE = {A guide to supertropical algebra},
 BOOKTITLE = {Advances in ring theory},
    SERIES = {Trends Math.},
     PAGES = {283--302},
 PUBLISHER = {Birkh\"auser/Springer Basel AG, Basel},
      YEAR = {2010},
   MRCLASS = {16Y60},
  MRNUMBER = {2664678 (2011h:16066)},
MRREVIEWER = {Thomas Baier},
       DOI = {10.1007/978-3-0346-0286-0_19},
       URL = {http://dx.doi.org/10.1007/978-3-0346-0286-0_19},
}
		



@incollection {RGST,
    AMSAUTHOR = {Richter-Gebert, J{\"u}rgen and Sturmfels, Bernd and Theobald,
              Thorsten},
AUTHOR = {Richter-Gebert, J. and Sturmfels, B. and Theobald, T.},
     TITLE = {First steps in tropical geometry},
 BOOKTITLE = {Idempotent mathematics and mathematical physics},
    SERIES = {Contemp. Math.},
    VOLUME = {377},
     PAGES = {289--317},
 PUBLISHER = {Amer. Math. Soc.},
   ADDRESS = {Providence, RI},
      YEAR = {2005},
   MRCLASS = {14P99 (52B70 68W30)},
  MRNUMBER = {MR2149011 (2006d:14073)},
MRREVIEWER = {Eugenii Shustin},
}


@ARTICLE{hamarling,
title={An algorithm for the complete solution of quadratic eigenvalue problems},year={2013},
longauthor={Sven Hammarling and Christopher J. Munro and Françoise Tisseur},
author={S. Hammarling and C. J. Munro and F. Tisseur},
journal={ACM Transactions on Mathematical Software (TOMS)},
volume=39,
number=3,
}



@article {MR2670997,
    AUTHOR = {Audenaert, K. and Hiai, F. and Petz, D.},
     TITLE = {Strongly subadditive functions},
   JOURNAL = {Acta Math. Hungar.},
  FJOURNAL = {Acta Mathematica Hungarica},
    VOLUME = {128},
      YEAR = {2010},
    NUMBER = {4},
     PAGES = {386--394},
      ISSN = {0236-5294},
   MRCLASS = {47A63 (47N50 82B03)},
  MRNUMBER = {2670997 (2011g:47034)},
MRREVIEWER = {Shigeru Furuichi},
       DOI = {10.1007/s10474-010-9222-7},
       URL = {http://dx.doi.org/10.1007/s10474-010-9222-7},
}
		
@INPROCEEDINGS{gaw,
author={T. Gawlitza and H. Seidl},
titke={Precise relational invariants through strategy iteration},
year=2007,
booktitle={CLS, LNCS},
volume={4646},
pages={23-40},
}





@ARTICLE{carre71, 
author={B.A. Carr\'e},
title={An algebra for network routing problems},
journal={J. Inst. Math. Appl.},
volume={7},
year={1971},
pages={273-294},}


@Book{LN12,
  Title                    = {Nonlinear {P}erron-{F}robenius Theory},
  Author                   = {B. Lemmens and R. Nussbaum},
  Publisher                = {Cambridge university Press},
  Year                     = {2012},

  Date-added               = {2014-01-10 17:55:02 +0100},
  Date-modified            = {2014-03-07 11:13:18 +0100}
}



@incollection {joswig04,
    AUTHOR = {Joswig, M.},
     TITLE = {Tropical halfspaces},
 BOOKTITLE = {Combinatorial and computational geometry},
    SERIES = {Math. Sci. Res. Inst. Publ.},
    VOLUME = {52},
     PAGES = {409--431},
 PUBLISHER = {Cambridge Univ. Press},
   ADDRESS = {Cambridge},
      YEAR = {2005},
   MRCLASS = {52A30 (15A03 52C45)},
  MRNUMBER = {MR2178330},
MRREVIEWER = {Eugenii Shustin},
note={Also eprint \arxiv{math.CO/0312068}},
}


@article{podolskii,
year={2013},
issn={1016-3328},
journal={Computational Complexity},
doi={10.1007/s00037-013-0077-5},
title={Complexity of Tropical and Min-plus Linear Prevarieties},
url={http://dx.doi.org/10.1007/s00037-013-0077-5},
publisher={Springer Basel},
keywords={Tropical linear systems; min-plus linear systems; tropical prevarieties; min-plus prevarieties; mean payoff games; 15A80; 68Q17; 91A43},
author={Grigoriev, Dima and Podolskii, Vladimir V.},
pages={1-34},
language={English},
note={Published on line, also \arxiv{1204.4578}}
}

@ARTICLE{all,
author={Allamigeon, X. and Katz, R. D},
year=2013,
title={Minimal external representations of tropical polyhedra},
journal={Journal of Combinatorial Theory, Series A},
volume=120,
number=4,
pages={907–940},
}




@article{solanvieille2010,
  title={Computing uniformly optimal strategies in two-player stochastic games},
  author={Solan, Eilon and Vieille, Nicolas},
  journal={Economic Theory},
  volume={42},
  number={1},
  pages={237--253},
  year={2010},
  publisher={Springer}
}


@article{RoSo01,
  title={An operator approach to zero-sum repeated games},
  author={Rosenberg, D. and Sorin, S.},
  journal={Israel Journal of Mathematics},
  volume={121},
  number={1},
  pages={221--246},
  year={2001},
  publisher={Springer}
}


@article{Rena11,
  title={Uniform value in Dynamic Programming},
  author={Renault, J.},
  journal={Journal of the European Mathematical Society},
  volume={13},
  number={},
  pages={309--330},
  year={2011},
  publisher={}
}



@PHDTHESIS{vigeral,
author={G. Vigeral},
title={Propri\'et\'es asymptotiques des jeux r\'ep\'et\'es \`a somme nulle},
school={Universit\'e Pierre et Marie Curie - Paris VI},
year={2009},
}




@article{vandooren00,
      AMSMR={MR2112859},
    AUTHOR = {Fan, Hung-Yuan and Lin, Wen-Wei and Van Dooren, Paul},
     TITLE = {Normwise scaling of second order polynomial matrices},
   JOURNAL = {SIAM J. Matrix Anal. Appl.},
  FJOURNAL = {SIAM Journal on Matrix Analysis and Applications},
    VOLUME = {26},
      YEAR = {2004},
    NUMBER = {1},
     MYPAGES = {252--256 (electronic)},
      PAGES = {252--256},
      ISSN = {0895-4798},
   MRCLASS = {65F15 (65H17)},
  MRNUMBER = {MR2112859 (2006c:65041)},
MRREVIEWER = {Herbert J. Bernstein},
}
		

@article{1405.4658,
longAuthor = {Marianne Akian and St{\'e}phane Gaubert and Antoine Hochart},
Author = {M. Akian and S. Gaubert and A. Hochart},
Title = {Ergodicity conditions for zero-sum games},
Year = {2015},
eprint = {1405.4658},
volume={35},
number=9,
pages={3901--3931},
doi={10.3934/dcds.2015.35.3901},
journal={Discrete and Continuous Dynamical Systems, series A}, 
}


@Book{ gruber07,
	LONGAUTHOR = "Peter M. Gruber",
AUTHOR = "P. M. Gruber",
	TITLE = "Convex and discrete geometry",
	SILENTSERIES = "Grundlehren der Mathematischen Wissenschaften [Fundamental Principles of Mathematical Sciences]",
	SILENTVOLUME = "336",
	PUBLISHER = "Springer",
	ADDRESS = "Berlin",
	YEAR = "2007",
	PAGES = "xiv+578",
	ISBN = "978-3-540-71132-2",
	MRCLASS = "52-02 (11-02 46B20 49-02 49J53 90C25)",
	MRNUMBER = "2335496 (2008f:52001)",
	MRREVIEWER = "Aleksandr Koldobsky"
}


@ARTICLE{MizunoToddYe,
title={On Adaptive-Step Primal-Dual Interior-Point Algorithms for Linear Programming},
longauthor={Shinji Mizuno and Michael J. Todd and Yinyu Ye},
author={S. Mizuno and M. J. Todd and Y. Ye},
journal={Mathematics of Operations Research},
volume=18,
number=4,
year=1993,
pages={964--981},
}

@ARTICLE{siamreview,
journal={SIAM Review},
year=2021,
volume= 63,
number=1,
pages={123--164},
title={What Tropical Geometry Tells Us about the Complexity of Linear Programming},
author={Xavier Allamigeon and Pascal Benchimol and Stéphane Gaubert and Michael Joswig},
doi={10.1137/20M1380211},
}

@unpublished{stoc,
author={Xavier Allamigeon and Stéphane Gaubert and Nicolas Vandame},
year={2022},
title={No self-concordant barrier interior point method is strongly polynomial},
note={Proceedings of STOC 2022: 54th Annual ACM Symposium on Theory of Computing, arXiv:2201.02186},
}



@article{Isbell1964,
  doi = {10.1007/bf02566944},
  url = {https://doi.org/10.1007/bf02566944},
  year = {1964},
  month = dec,
  publisher = {European Mathematical Society - {EMS} - Publishing House {GmbH}},
  volume = {39},
  number = {1},
  pages = {65--76},
  author = {J. R. Isbell},
  title = {Six theorems about injective metric spaces},
  journal = {Commentarii Mathematici Helvetici}
}



@article{Dress1984,
  doi = {10.1016/0001-8708(84)90029-x},
  url = {https://doi.org/10.1016/0001-8708(84)90029-x},
  year = {1984},
  month = sep,
  publisher = {Elsevier {BV}},
  volume = {53},
  number = {3},
  pages = {321--402},
  author = {Andreas W.M Dress},
  title = {Trees,  tight extensions of metric spaces,  and the cohomological dimension of certain groups: A note on combinatorial properties of metric spaces},
  journal = {Advances in Mathematics}
}


@article{1610.09651,
Author = {Marianne Akian and St{\'e}phane Gaubert and Antoine Hochart},
Title = {Generic uniqueness of the bias vector of finite stochastic games with perfect information},
Year = {2018},
Eprint = {1610.09651},
journal={Journal of Mathematical Analysis and Applications},
volume=457,
number=2,
pages={1038-1064},
doi={10.1016/j.jmaa.2017.07.017},
}



@inbook{Akian2020,
  title = {A Convex Programming Approach to Solve Posynomial Systems},
  ISBN = {9783030522001},
  ISSN = {1611-3349},
  url = {http://dx.doi.org/10.1007/978-3-030-52200-1_24},
  DOI = {10.1007/978-3-030-52200-1_24},
  booktitle = {Mathematical Software – ICMS 2020},
  publisher = {Springer International Publishing},
  author = {Akian,  Marianne and Allamigeon,  Xavier and Boyet,  Marin and Gaubert,  Stéphane},
  year = {2020},
  pages = {241–250}
}

@inproceedings{calude,
author = {Calude, Cristian S. and Jain, Sanjay and Khoussainov, Bakhadyr and Li, Wei and Stephan, Frank},
title = {Deciding parity games in quasipolynomial time},
year = {2017},
isbn = {9781450345286},
publisher = {Association for Computing Machinery},
address = {New York, NY, USA},
url = {https://doi.org/10.1145/3055399.3055409},
doi = {10.1145/3055399.3055409},
abstract = {It is shown that the parity game can be solved in quasipolynomial time. The parameterised parity game - with n nodes and m distinct values (aka colours or priorities) - is proven to be in the class of fixed parameter tractable (FPT) problems when parameterised over m. Both results improve known bounds, from runtime nO(√n) to O(nlog(m)+6) and from an XP-algorithm with runtime O(nΘ(m)) for fixed parameter m to an FPT-algorithm with runtime O(n5)+g(m), for some function g depending on m only. As an application it is proven that coloured Muller games with n nodes and m colours can be decided in time O((mm · n)5); it is also shown that this bound cannot be improved to O((2m · n)c), for any c, unless FPT = W[1].},
booktitle = {Proceedings of the 49th Annual ACM SIGACT Symposium on Theory of Computing},
pages = {252–263},
numpages = {12},
keywords = {Muller Games, Parity Games, Quasipolynomial Time Algorithm},
location = {Montreal, Canada},
series = {STOC 2017}
}


@article{Lemmens2018,
  title = {Denjoy-Wolff theorems for Hilbert’s and Thompson’s metric spaces},
  volume = {134},
  ISSN = {1565-8538},
  url = {http://dx.doi.org/10.1007/s11854-018-0022-2},
  DOI = {10.1007/s11854-018-0022-2},
  number = {2},
  journal = {Journal d’Analyse Mathématique},
  publisher = {Springer Science and Business Media LLC},
  author = {Lemmens,  Bas and Lins,  Brian and Nussbaum,  Roger and Wortel,  Marten},
  year = {2018},
  month = feb,
  pages = {671–718}
}