@TECHREPORT{hong,
note={\hal{00072677}},
year={2000},
author={St\'ephane Gaubert and Dohy Hong},
title={Series Expansions of {L}yapunov Exponents and Forgetful Monoids},
type={INRIA Research Report},
number={3971},
}




@UNPUBLISHED{abg04b,
author={M. Akian and R. Bapat and S. Gaubert},
title={Min-plus methods in eigenvalue perturbation theory and generalised {L}idskii-{V}ishik-{L}justernik theorem},
year={2005},
eprint={math.SP/0402090},
}


@UNPUBLISHED{ninove,
author={M. Akian and S. Gaubert and L. Ninove},
title={Multiple equilibria of nonhomogeneous {M}arkov chains and self-validating web rankings},
myjournal={SIMAX},
eprint={0712.0469},
myyear= 2007,
year=2007,
}

@UNPUBLISHED{sharify,
author={M. Sharify and S. Gaubert and L. Grigori},
title={A parallel preprocessing for the optimal assignment problem based on diagonal scaling},
eprint={1104.3830},
year=2011,
}

@UNPUBLISHED{agn,
author={M. Akian and S. Gaubert and R. Nussbaum},
title={A {C}ollatz-{W}ielandt characterization of the spectral radius of order-preserving homogeneous maps on cones},
eprint={1112.5968},
year=2011,
}

@UNPUBLISHED{agn12,
author={M. Akian and S. Gaubert and R. Nussbaum},
title={Uniqueness of the fixed point of nonexpansive semidifferentiable maps},
eprint={1201.1536},
year=2012,
note={Accepted for publication in the Trans. of AMS},
}

@UNPUBLISHED{sylvie,
title={Policy iteration algorithm for zero-sum multichain stochastic games with mean payoff and perfect information},
author={Marianne Akian and Jean Cochet-Terrasson and Sylvie Detournay and St{\'e}phane Gaubert},
year={2012},
eprint={1208.0446},
}


@MISC{zheng2013j,
author={S. Gaubert and Z. Qu},
eprint={1302.5226},
title={Dobrushin ergodicity coefficient for {M}arkov operators on cones, and beyond},
year={2013},
note={The subset of results of this eprint concerning linear maps has appeared as~\cite{gaubertquIEuli2013}.}
}


@MISC{logmajorization2013,
author={M. Akian and S. Gaubert and M. Sharify},
eprint={1304.2967},
title={Log-majorization of the moduli of the eigenvalues of a matrix polynomial by tropical roots},
year={2013},
}
@MISC{marianne102013,
author={Marianne Akian and St\'ephane Gaubert},
title={Policy iteration for perfect information stochastic mean payoff games
  with bounded first return times is strongly polynomial},
eprint={1310.4953},
year={2013},
}
@misc{1402.1429,
Author = {Stephane Gaubert and Zheng Qu},
Title = {Checking the strict positivity of {K}raus maps is {NP}-hard},
Year = {2014},
eprint = {1402.1429},
}
@misc{1405.4161,
Author = {Xavier Allamigeon and Pascal Benchimol and St{\'e}phane Gaubert and Michael Joswig},
Title = {Long and winding central paths},
Year = {2014},
eprint = {1405.4161},
}
