@unpublished{AGG,
author={M. Akian and S. Gaubert and A. Guterman},
title={Tropical polyhedra are equivalent to mean payoff games},
note={Extended version of the present paper, \arxiv{0912.2462}},
year={2009},
}

@unpublished{AGG2,
AUTHOR={M. Akian and S. Gaubert  and A. Guterman},
TITLE={Linear systems of equations in symmetrized tropical semirings},
note={Preprint},
year={2008},
}

@unpublished{AGGold,
AUTHOR={M. Akian and S. Gaubert  and A. Guterman},
TITLE={Cramer formulas for matrices over tropical semirings and their applications},
note={Preprint},
}



@incollection{AGG08,
AUTHOR={M. Akian and S. Gaubert and A. Guterman},
TITLE={Linear independence over tropical semirings and beyond},
booktitle={Proceedings of the International Conference on Tropical and Idempotent Mathematics},
editor={G.L. Litvinov and S.N. Sergeev},
publisher={American Mathematical Society},
series={Contemporary Mathematics},
   year = 2009,
volume={495},
pages={1--38},
url={http://www.arxiv.org/abs/0812.3496},
mynote={Also eprint arXiv:0812.3496},
    x-equipes = {Maxplus},
    x-type = {article},
    x-support = {actes},
}


@INCOLLECTION{AG,
author={M. Akian and R. Bapat and S. Gaubert},
title={Max-plus algebras},
booktitle={Handbook of Linear Algebra (Discrete Mathematics 
and Its Applications)},
editor={L. Hogben},
volume=39,
publisher={Chapman \& Hall/CRC},
year={2006},
note={Chapter 25},
x-equipes={Maxplus ext},
x-support={ouvrage},
x-type={chapitre},
}

@article {AG03,
    AMSAUTHOR = {Akian, Marianne and Gaubert, St{\'e}phane},
AUTHOR = {Akian, M. and Gaubert, S.},
     TITLE = {Spectral theorem for convex monotone homogeneous maps, and
              ergodic control},
   JOURNAL = {Nonlinear Anal.},
  FJOURNAL = {Nonlinear Analysis. Theory, Methods \& Applications. An
              International Multidisciplinary Journal. Series A: Theory and
              Methods},
    VOLUME = {52},
      YEAR = {2003},
    NUMBER = {2},
     PAGES = {637--679},
      ISSN = {0362-546X},
     CODEN = {NOANDD},
   MRCLASS = {93E20 (47H05 47H09 47H10 90B25)},
  MRNUMBER = {MR1938367 (2003i:93085)},
MRREVIEWER = {Xue Rong Mao},
}

@BOOK{BCOQ92,
author={F. Baccelli and G. Cohen and G.J. Olsder and J.P. Quadrat},
title={Synchronization and Linearity},
year={1992},
publisher={Wiley},
}

@article {BJW,
    AMSAUTHOR = {Barvinok, Alexander and Fekete, S{\'a}ndor P. and Johnson,
              David S. and Tamir, Arie and Woeginger, Gerhard J. and
              Woodroofe, Russ},
    AUTHOR = {Barvinok, A. and Fekete, S. P. and Johnson,
              D. S. and Tamir, A. and Woeginger, G. J. and
              Woodroofe, R.},
     TITLE = {The geometric maximum traveling salesman problem},
   JOURNAL = {J. ACM},
  FJOURNAL = {Journal of the ACM},
    VOLUME = {50},
      YEAR = {2003},
    NUMBER = {5},
     PAGES = {641--664 },
      ISSN = {0004-5411},
   MRCLASS = {68Q25 (68Q17 90C35)},
  MRNUMBER = {MR2146993 (2005m:68095)},
}

@TECHREPORT{Bar,
author={A. I. Barvinok}, 
title={Combinatorial Optimization and Computations in the
ring of Polynomials}, 
institution={DIMACS},
type={Technical Report},
number={93-13},
year={1993},
}

@article {BG,
    AMSAUTHOR = {Beasley, LeRoy B. and Guterman, Alexander E.},
AUTHOR = {Beasley, L. B. and Guterman, A. E.},
     TITLE = {Rank inequalities over semirings},
   JOURNAL = {J. Korean Math. Soc.},
  FJOURNAL = {Journal of the Korean Mathematical Society},
    VOLUME = {42},
      YEAR = {2005},
    NUMBER = {2},
     PAGES = {223--241},
      ISSN = {0304-9914},
     CODEN = {JKMSDG},
   MRCLASS = {15A30 (15A45 16Y60)},
  MRNUMBER = {MR2121497 (2005k:15035)},
MRREVIEWER = {H. K. Farahat},
}

@article {BP4,
    AMSAUTHOR = {Beasley, LeRoy B. and Pullman, Norman J.},
AUTHOR = {Beasley, L. B. and Pullman, N. J.},
     TITLE = {Semiring rank versus column rank},
   JOURNAL = {Linear Algebra Appl.},
  FJOURNAL = {Linear Algebra and its Applications},
    VOLUME = {101},
      YEAR = {1988},
     PAGES = {33--48},
      ISSN = {0024-3795},
     CODEN = {LAAPAW},
   MRCLASS = {15A03},
  MRNUMBER = {MR941294 (89e:15003)},
MRREVIEWER = {Fred W. Roush},
}

@article {BB,
    AMSAUTHOR = {Burkard, Rainer E. and Butkovi{\v{c}}, Peter},
AUTHOR = {Burkard, R. E. and Butkovi{\v{c}}, P.},
     TITLE = {Max algebra and the linear assignment problem},
      NOTE = {Integer programming (Pittsburgh, PA, 2002)},
   JOURNAL = {Math. Program.},
  FJOURNAL = {Mathematical Programming. A Publication of the Mathematical
              Programming Society},
    VOLUME = {98},
      YEAR = {2003},
    NUMBER = {1-3, Ser. B},
     PAGES = {415--429},
      ISSN = {0025-5610},
   MRCLASS = {90C27 (90B80 90C08 93C65)},
  MRNUMBER = {MR2021063 (2004j:90085)},
MRREVIEWER = {Regina Hildenbrandt},
}

@article {But,
    AMSAUTHOR = {Butkovi{\v{c}}, Peter},
AUTHOR = {Butkovi{\v{c}}, P.},
     TITLE = {Max-algebra: the linear algebra of combinatorics?},
   JOURNAL = {Linear Algebra Appl.},
  FJOURNAL = {Linear Algebra and its Applications},
    VOLUME = {367},
      YEAR = {2003},
     PAGES = {313--335},
      ISSN = {0024-3795},
     CODEN = {LAAPAW},
   MRCLASS = {15A15 (05C50 15A30)},
  MRNUMBER = {MR1976928 (2004d:15006)},
}
		

@article {BSS,
    AMSAUTHOR = {Butkovi{\v{c}}, Peter and Schneider, Hans and Sergeev, Sergei},
AUTHOR = {Butkovi{\v{c}}, P. and Schneider, H. and Sergeev, S.},
     TITLE = {Generators, extremals and bases of max cones},
   JOURNAL = {Linear Algebra Appl.},
  FJOURNAL = {Linear Algebra and its Applications},
    VOLUME = {421},
      YEAR = {2007},
    NUMBER = {2-3},
     PAGES = {394--406},
      ISSN = {0024-3795},
     CODEN = {LAAPAW},
   MRCLASS = {15A48},
  MRNUMBER = {MR2294351},
}

@book {Chvatal,
    AMSAUTHOR = {Chv{\'a}tal, Va{\v{s}}ek},
AUTHOR = {Chv{\'a}tal, V.},
     TITLE = {Linear programming},
    SERIES = {A Series of Books in the Mathematical Sciences},
 PUBLISHER = {W. H. Freeman and Company},
   ADDRESS = {New York},
      YEAR = {1983},
     PAGES = {xiii+478},
      ISBN = {0-7167-1195-8; 0-7167-1587-2},
   MRCLASS = {90C05},
  MRNUMBER = {MR717219 (86g:90062)},
MRREVIEWER = {A. G. Azpeitia},
}

@article {CR,
    AMSAUTHOR = {Cohen, Joel E. and Rothblum, Uriel G.},
    AUTHOR = {Cohen, J. E. and Rothblum, U. G.},
     TITLE = {Nonnegative ranks, decompositions, and factorizations of
              nonnegative matrices},
   JOURNAL = {Linear Algebra Appl.},
  FJOURNAL = {Linear Algebra and its Applications},
    VOLUME = {190},
      YEAR = {1993},
     PAGES = {149--168},
      ISSN = {0024-3795},
     CODEN = {LAAPAW},
   MRCLASS = {15A48 (15A23)},
  MRNUMBER = {MR1230356 (94i:15015)},
MRREVIEWER = {Thomas L. Markham},
}

@book {CG,
    AMSAUTHOR = {Cuninghame-Green, Raymond},
AUTHOR = {Cuninghame-Green, R. A.},
     TITLE = {Minimax algebra},
    SERIES = {Lecture Notes in Economics and Mathematical Systems},
    VOLUME = {166},
 PUBLISHER = {Springer-Verlag},
   ADDRESS = {Berlin},
      YEAR = {1979},
     PAGES = {xi+258},
      ISBN = {3-540-09113-0},
   MRCLASS = {90Bxx (05C50 06F05 90C09)},
  MRNUMBER = {MR580321 (82a:90043)},
MRREVIEWER = {S. Rudeanu},
}

@article {CGB,
    AUTHOR = {Cuninghame-Green, R. A. and Butkovi{\v{c}}, P.},
     TITLE = {Bases in max-algebra},
   JOURNAL = {Linear Algebra Appl.},
  FJOURNAL = {Linear Algebra and its Applications},
    VOLUME = {389},
      YEAR = {2004},
     PAGES = {107--120},
      ISSN = {0024-3795},
     CODEN = {LAAPAW},
   MRCLASS = {15A03 (15A30)},
  MRNUMBER = {MR2080398 (2005h:15004)},
}

@book {Dedekind,
    LAUTHOR = {Dedekind, Richard},
    AUTHOR = {Dedekind, R.},
     TITLE = {\"{U}ber die {T}heorie der ganzen algebraischen {Z}ahlen},
    SERIES = {Supplement XI to P.G. Lejeune Dirichlet, Vorlesungen Ã¼ber Zahlentheorie, 4te Aufl.},
publisher={Druck und Verlag},
address={Braunschweig},
year={1894},
}

@incollection {DSS,
    AMSAUTHOR = {Develin, Mike and Santos, Francisco and Sturmfels, Bernd},
AUTHOR = {Develin, M. and Santos, F. and Sturmfels, B.},
     TITLE = {On the rank of a tropical matrix},
 BOOKTITLE = {Combinatorial and computational geometry},
    SERIES = {Math. Sci. Res. Inst. Publ.},
    VOLUME = {52},
     PAGES = {213--242},
 PUBLISHER = {Cambridge Univ. Press},
   ADDRESS = {Cambridge},
      YEAR = {2005},
   MRCLASS = {15A03 (05B35 15A33)},
  MRNUMBER = {MR2178322 (2006g:15001)},
}

@article {DS,
    AMSAUTHOR = {Develin, Mike and Sturmfels, Bernd},
AUTHOR = {Develin, M. and Sturmfels, B.},
     TITLE = {Tropical convexity},
   JOURNAL = {Doc. Math.},
  FJOURNAL = {Documenta Mathematica},
    VOLUME = {9},
      YEAR = {2004},
     PAGES = {1--27 },
      ISSN = {1431-0635},
   MRCLASS = {52A30 (52B10 92D15)},
  MRNUMBER = {MR2054977 (2005i:52010)},
MRREVIEWER = {Gerard Sierksma},
}

@ARTICLE{ButGa,
author={P. Butkovi\v{c} and S. Gaubert},
title={Sign-nonsingular matrices and matrices with unbalanced determinants
  in symmetrized semirings},
journal={Linear Algebra and Appl.},
volume={301},
year={1999},
pages={195--201},
month={Dec.},
}

@book {GM,
    AMSAUTHOR = {Gondran, Michel and Minoux, Michel},
AUTHOR = {Gondran, M. and Minoux, M.},
     TITLE = {Graphs and algorithms},
    SERIES = {Wiley-Interscience Series in Discrete Mathematics},
      NOTE = {Translated from the French by Steven Vajda,
              A Wiley-Interscience Publication},
 PUBLISHER = {John Wiley \& Sons Ltd.},
   ADDRESS = {Chichester},
      YEAR = {1984},
     PAGES = {xix+650},
      ISBN = {0-471-10374-8},
   MRCLASS = {90B10 (05B35 05Cxx 68R10 90-01)},
  MRNUMBER = {MR745802 (85d:90037)},
}

@incollection {GM2,
    AUTHOR = {Gondran, M. and Minoux, M.},
     TITLE = {Linear algebra in dioids: a survey of recent results},
 BOOKTITLE = {Algebraic and combinatorial methods in operations research},
    SERIES = {North-Holland Math. Stud.},
    VOLUME = {95},
     PAGES = {147--163},
 PUBLISHER = {North-Holland},
   ADDRESS = {Amsterdam},
      YEAR = {1984},
   MRCLASS = {08A02 (16A78)},
  MRNUMBER = {MR780019 (86c:08001)},
}

@article{GK,
author={S. Gaubert and R. Katz},
title={The {M}inkowski Theorem for Max-plus Convex Sets},
year={2007},
url={http://www.arxiv.org/abs/math.GM/0605078}, 
journal={Linear Algebra and Appl.},
volume={421},
pages={356--369},
}

@UNPUBLISHED{Izh,
author={Z. Izhakian},
title={The tropical rank of a tropical matrix},
note={\arxiv{math.AC/0604208v2}},
year=2008,
}

@ARTICLE{IRowen,
author={Z. Izhakian and L. Rowen},
title={The tropical rank of a tropical matrix},
journal={Communications in Algebra},
volume=37,
number=11,
pages={3912--3927},
year=2009,
}


@UNPUBLISHED{Izh05,
author={Z. Izhakian},
title={Tropical arithmetic and tropical matrix algebra},
note={\arxiv{math.AG/0505458v3}},
year=2008,
}




@article {KR,
    AUTHOR = {Kim, K. H. and Roush, F. W.},
     TITLE = {Kapranov rank vs.\ tropical rank},
   JOURNAL = {Proc. Amer. Math. Soc.},
  FJOURNAL = {Proceedings of the American Mathematical Society},
    VOLUME = {134},
      YEAR = {2006},
    NUMBER = {9},
     PAGES = {2487--2494 },
      ISSN = {0002-9939},
     CODEN = {PAMYAR},
   MRCLASS = {15A03 (16Y60)},
  MRNUMBER = {MR2213725 (2007b:15001)},
MRREVIEWER = {Luis Felipe Tabera},
}
		

@book {KM,
    AMSAUTHOR = {Kolokoltsov, Vassili N. and Maslov, Victor P.},
AUTHOR = {Kolokoltsov, V. N. and Maslov, V. P.},
     TITLE = {Idempotent analysis and its applications},
    SERIES = {Mathematics and its Applications},
    VOLUME = {401},
      NOTE = {Translation of {\it Idempotent analysis and its application in
              optimal control} (Russian), ``Nauka'' Moscow, 1994 [ MR1375021
              (97d:49031)],
              Translated by V. E.\ Nazaikinskii,
              With an appendix by Pierre Del Moral},
 PUBLISHER = {Kluwer Academic Publishers Group},
   ADDRESS = {Dordrecht},
      YEAR = {1997},
     PAGES = {xii+305},
      ISBN = {0-7923-4509-6},
   MRCLASS = {49L20 (46N10 47N10 47N70 49-02)},
  MRNUMBER = {MR1447629},
}
		



@PHDTHESIS{Mol,
author={P. Moller},
title={Th\'eorie alg\'ebrique des Syst\`emes \`a \'Ev\'enements Discrets},
school={\'Ecole des Mines de Paris},
type={Th\`ese},
year={1988},
}





@INPROCEEDINGS{Plus,
author={M. Plus},
title={Linear systems in $(\max,+)$-algebra},
booktitle={Proceedings of the 29th Conference on Decision and Control},
year={1990},
address={Honolulu},
month={Dec.},
}


@preamble{
   "\def\cprime{$'$} "
}
@article {Psh,
    AUTHOR = {Pshenitsyna, O. A.},
     TITLE = {The factorization rank and term rank of a matrix union over a
              semiring},
   JOURNAL = {Fundam. Prikl. Mat.},
  FJOURNAL = {Fundamental\cprime naya i Prikladnaya Matematika},
    VOLUME = {9},
      YEAR = {2003},
    NUMBER = {3},
     PAGES = {175--197},
      ISSN = {1560-5159},
   MRCLASS = {16S50 (16Y60)},
  MRNUMBER = {MR2094338 (2005g:16058)},
MRREVIEWER = {Iuliu Crivei},
}

@incollection {RGST,
    AMSAUTHOR = {Richter-Gebert, J{\"u}rgen and Sturmfels, Bernd and Theobald,
              Thorsten},
AUTHOR = {Richter-Gebert, J. and Sturmfels, B. and Theobald, T.},
     TITLE = {First steps in tropical geometry},
 BOOKTITLE = {Idempotent mathematics and mathematical physics},
    SERIES = {Contemp. Math.},
    VOLUME = {377},
     PAGES = {289--317},
 PUBLISHER = {Amer. Math. Soc.},
   ADDRESS = {Providence, RI},
      YEAR = {2005},
   MRCLASS = {14P99 (52B70 68W30)},
  MRNUMBER = {MR2149011 (2006d:14073)},
MRREVIEWER = {Eugenii Shustin},
}

@article {SZ,
    AMSAUTHOR = {Sturmfels, Bernd and Zelevinsky, Andrei},
AUTHOR = {Sturmfels, B. and Zelevinsky, A.},
     TITLE = {Maximal minors and their leading terms},
   JOURNAL = {Adv. Math.},
  FJOURNAL = {Advances in Mathematics},
    VOLUME = {98},
      YEAR = {1993},
    NUMBER = {1},
     PAGES = {65--112},
      ISSN = {0001-8708},
     CODEN = {ADMTA4},
   MRCLASS = {52B11 (14M12 14M15 14M25 52B12)},
  MRNUMBER = {MR1212627 (94h:52020)},
MRREVIEWER = {Michel Brion},
}

@article {Wag,
    AMSAUTHOR = {Wagneur, Edouard},
AUTHOR = {Wagneur, E.},
     TITLE = {Modulo\"\i ds and pseudomodules. {I}. {D}imension theory},
   JOURNAL = {Discrete Math.},
  FJOURNAL = {Discrete Mathematics},
    VOLUME = {98},
      YEAR = {1991},
    NUMBER = {1},
     PAGES = {57--73},
      ISSN = {0012-365X},
     CODEN = {DSMHA4},
   MRCLASS = {08A99},
  MRNUMBER = {MR1139597 (92i:08003)},
}

@article {straubing,
    AMSAUTHOR = {Straubing, Howard},
AUTHOR = {Straubing, H.},
     TITLE = {A combinatorial proof of the {C}ayley-{H}amilton theorem},
   JOURNAL = {Discrete Math.},
  FJOURNAL = {Discrete Mathematics},
    VOLUME = {43},
      YEAR = {1983},
    NUMBER = {2-3},
     PAGES = {273--279},
      ISSN = {0012-365X},
     CODEN = {DSMHA4},
   MRCLASS = {15A24 (05A15)},
  MRNUMBER = {MR685635 (84c:15019)},
MRREVIEWER = {R. A. Brualdi},
}

@article {zeilberger,
    AMSAUTHOR = {Zeilberger, Doron},
AUTHOR = {Zeilberger, D.},
     TITLE = {A combinatorial approach to matrix algebra},
   JOURNAL = {Discrete Math.},
  FJOURNAL = {Discrete Mathematics},
    VOLUME = {56},
      YEAR = {1985},
    NUMBER = {1},
     PAGES = {61--72},
      ISSN = {0012-365X},
     CODEN = {DSMHA4},
   MRCLASS = {05A15 (15A24)},
  MRNUMBER = {MR808086 (87b:05016)},
MRREVIEWER = {R. A. Brualdi},
}

@article {reutstraub,
    AMSAUTHOR = {Reutenauer, Christophe and Straubing, Howard},
AUTHOR = {Reutenauer, C. and Straubing, H.},
     TITLE = {Inversion of matrices over a commutative semiring},
   JOURNAL = {J. Algebra},
  FJOURNAL = {Journal of Algebra},
    VOLUME = {88},
      YEAR = {1984},
    NUMBER = {2},
     PAGES = {350--360},
      ISSN = {0021-8693},
     CODEN = {JALGA4},
   MRCLASS = {16A78 (15A09 16A15 20M10)},
  MRNUMBER = {MR747520 (86c:16015)},
MRREVIEWER = {H. J. Weinert},
}
		

@article {minouxmacmahon,
    AUTHOR = {Minoux, M.},
     TITLE = {Extension of {M}ac{M}ahon's master theorem to pre-semi-rings},
   JOURNAL = {Linear Algebra Appl.},
  FJOURNAL = {Linear Algebra and its Applications},
    VOLUME = {338},
      YEAR = {2001},
     PAGES = {19--26},
      ISSN = {0024-3795},
     CODEN = {LAAPAW},
   MRCLASS = {16Y60 (15A15)},
  MRNUMBER = {MR1860309},
}

@article {poplinhartwig,
    AMSAUTHOR = {Poplin, Phillip L. and Hartwig, Robert E.},
AUTHOR = {Poplin, P. L. and Hartwig, R. E.},
     TITLE = {Determinantal identities over commutative semirings},
   JOURNAL = {Linear Algebra Appl.},
  FJOURNAL = {Linear Algebra and its Applications},
    VOLUME = {387},
      YEAR = {2004},
     PAGES = {99--132},
      ISSN = {0024-3795},
     CODEN = {LAAPAW},
   MRCLASS = {15A15 (16Y30)},
  MRNUMBER = {MR2069271 (2005c:15012)},
}

@article {GBCG,
    AMSAUTHOR = {Gaubert, St{\'e}phane and Butkovi{\v{c}}, Peter and
              Cuninghame-Green, Raymond},
AUTHOR = {Gaubert, S. and Butkovi{\v{c}}, P. and Cuninghame-Green, R.},
     TITLE = {Minimal {$(\max,+)$} realization of convex sequences},
   JOURNAL = {SIAM J. Control Optim.},
  FJOURNAL = {SIAM Journal on Control and Optimization},
    VOLUME = {36},
      YEAR = {1998},
    NUMBER = {1},
     PAGES = {137--147 },
      ISSN = {0363-0129},
   MRCLASS = {93C83 (15A15 15A33 93B51)},
  MRNUMBER = {MR1616541 (99f:93100)},
MRREVIEWER = {Valeriu Prepeli{\c{t}}{\u{a}}},
}


@article {gaubertburnside,
    AUTHOR = {Gaubert, S.},
     TITLE = {On the {B}urnside problem for semigroups of matrices in the
              {$(\max, +)$} algebra},
   JOURNAL = {Semigroup Forum},
  FJOURNAL = {Semigroup Forum},
    VOLUME = {52},
      YEAR = {1996},
    NUMBER = {3},
     PAGES = {271--292},
      ISSN = {0037-1912},
     CODEN = {SMGFAN},
   MRCLASS = {20M99 (16Y60)},
  MRNUMBER = {MR1377693 (96m:20111)},
MRREVIEWER= {K. D. Magill, Jr.},
}
	

@article {Bapat,
    AUTHOR = {Akian, M. and Bapat, R. and Gaubert, S.},
     TITLE = {Asymptotics of the {P}erron eigenvalue and eigenvector using
              max-algebra},
   JOURNAL = {C. R. Acad. Sci. Paris S\'er. I Math.},
  FJOURNAL = {Comptes Rendus de l'Acad\'emie des Sciences. S\'erie I.
              Math\'ematique},
    VOLUME = {327},
      YEAR = {1998},
    NUMBER = {11},
     PAGES = {927--932},
}



@ARTICLE{finkelstein,
author={A.V. Finkelstein and M.A. Roytberg},
year={1993},
title={Computation of biopolymers: a general approach
to different problems},
journal={BioSystems},
volume={30},
pages={1--20},
}

@PHDTHESIS{gaubert92a,
author={S. Gaubert},
title={Th\'eorie des syst\`emes lin\'eaires dans les dio\"\i des},
type={Th\`ese},
school={\'Ecole des Mines de Paris},
month={July},
year={1992},
}



@ARTICLE{gauser,
author={S. Gaubert and S. Sergeev},
title={Cyclic projectors and separation theorems in idempotent convex geometry},
url={http://arxiv.org/abs/math/0706.3347},
year=2007,
journal={Fundamentalnaya i prikladnaya matematika},
volume={13},
number=4,
pages={33-52},
note={Engl.\ translation in Journal of Mathematical Sciences (Springer, New-York), Vol. 155, No. 6, pp.815--829, 2008},
}

@article{BriecHorvath04,
	Author = {Briec, W. and Horvath, C.},
	Journal = {Optimization},
	Pages = {103--127},
	Title = {$\mathbb{B}$-convexity},
	Volume = {53},
	Year = {2004}
}


@ARTICLE{RST99,
author={N. Robertson and P. D. Seymour and R. Thomas},
title={Permanents, Pfaffian orientations, and even directed circuits},
journal={Annals of mathematics},
volume=150,
year=1999,
pages={929--975},
}



@ARTICLE{butkovic95,
author={P. Butkovi\v{c}},
title={Regularity of matrices in min-algebra
and its time-complexity},
journal={Discrete Applied Mathematics},
year={1995},
volume={57},
pages={121--132},
}

@ARTICLE{butkovip94,
author={P. Butkovi\v{c}},
title={Strong regularity of matrices --- a survey of results},
journal={Discrete Applied Mathematics},
volume={48},
publisher={North-Holland},
pages={45--68},
year={1994},
}



@BOOK{kim82, 
author={K.H. Kim},
title={Boolean Matrix Theory and Applications},
publisher={Marcel Dekker}, 
address={New York}, 
year={1982},
}
@INCOLLECTION{barvinok,
author={A. Barvinok and D.S. Johnson and G.J. Woeginger},
title={The maximum traveling salesman problem under polyhedral norms},
booktitle={Integer programming and combinatorial optimization},
pages={195--201},
series={Lecture Notes in Comput. Sci},
number=1412,
publisher={Springer},
address={Berlin},
year=1998,

}
@BOOK{korte,
title={Greedoids},
author={B. Korte and L. Lov\'asz and R. Schrader},
year={1991},
publisher={Springer},
}

@ARTICLE{maxplus90a, 
author={M. Plus},
title={L'alg\`ebre $(\max,+)$ et sa sym\'etrisation ou l'alg\`ebre des
\'equilibres},
journal={Comptes Rendus \`a l'Acad\'emie des Sciences, Section Automatique},
year={1990},
}

@INPROCEEDINGS{maxplus97,
author={S. Gaubert and M. Plus},
title={Methods and Applications of (max,+) Linear Algebra},
booktitle={STACS'97},
editor={R. Reischuk and M. Morvan},
year={1997},
address={L\"ubeck},
month={March},
publisher={Springer},
series={LNCS},
number={1200},
@note={\doi{10.1007/BFb0023465}},
pages={261--282},
}



@ARTICLE{gabor85,
author={G. Heged\"{u}s},
title={Az Extrem\'alis saj\'atvektorok
meghat\'aroz\'asa elimin\'aci\'os m\'odszerrel
--- az \'altal\'anos\'{\i}tott {W}arshall
algorithmus egy jav\'{\i}t\'asa},
journal={Alkalmazott Matematikai Lapok},
volume={11},
year={1985},
pages={399--408},
}

@article {kapranov,
    AMSAUTHOR = {Einsiedler, Manfred and Kapranov, Mikhail and Lind, Douglas},
AUTHOR = {Einsiedler, M. and Kapranov, M. and Lind, D.},
     TITLE = {Non-{A}rchimedean amoebas and tropical varieties},
   JOURNAL = {J. Reine Angew. Math.},
  FJOURNAL = {Journal f\"ur die Reine und Angewandte Mathematik. [Crelle's
              Journal]},
    VOLUME = {601},
      YEAR = {2006},
     PAGES = {139--157},
      ISSN = {0075-4102},
     CODEN = {JRMAA8},
   MRCLASS = {14G20 (14P05 28D20 32A60 52B20)},
  MRNUMBER = {MR2289207 (2007k:14038)},
MRREVIEWER = {Thomas Ward},
}

@BOOK{itenberg,
author={I. Itenberg and G. Mikhalkin and E. Shustin},
title={Tropical algebraic geometry},
publisher={Birkh\"auser},
year={2007},
series={Oberwolfach seminars},
}




@incollection {viro,
    AMSAUTHOR = {Viro, Oleg},
AUTHOR = {Viro, O.},
     TITLE = {Dequantization of real algebraic geometry on logarithmic
              paper},
 BOOKTITLE = {European Congress of Mathematics, Vol. I (Barcelona, 2000)},
    SERIES = {Progr. Math.},
    VOLUME = {201},
     PAGES = {135--146},
 PUBLISHER = {Birkh\"auser},
   ADDRESS = {Basel},
      YEAR = {2001},
   MRCLASS = {14P25},
  MRNUMBER = {MR1905317 (2003f:14067)},
MRREVIEWER = {Sergey M. Finashin},
}


@article {mikhalkin,
    AMSAUTHOR = {Mikhalkin, Grigory},
AUTHOR = {Mikhalkin, G.},
     TITLE = {Enumerative tropical algebraic geometry in {$\mathbb R\sp 2$}},
   JOURNAL = {J. Amer. Math. Soc.},
  FJOURNAL = {Journal of the American Mathematical Society},
    VOLUME = {18},
      YEAR = {2005},
    NUMBER = {2},
     PAGES = {313--377 },
      ISSN = {0894-0347},
   MRCLASS = {14N10 (05A99 14N35 52B70)},
  MRNUMBER = {MR2137980 (2006b:14097)},
MRREVIEWER = {Charles D. Cadman},
}
		

@book {gondranminouxbook,
    AMSAUTHOR = {Gondran, Michel and Minoux, Michel},
AUTHOR = {Gondran, M. and Minoux, M.},
     TITLE = {Graphs, dioids and semirings},
    SERIES = {Operations Research/Computer Science Interfaces Series},
    VOLUME = {41},
      NOTE = {New models and algorithms},
 PUBLISHER = {Springer},
   ADDRESS = {New York},
      YEAR = {2008},
     PAGES = {xx+383},
      ISBN = {978-0-387-75449-9},
   MRCLASS = {16Y60 (05C25)},
  MRNUMBER = {MR2389137},
}



@ARTICLE{ccggq99,
author={G. Cohen and S. Gaubert and J.P. Quadrat},
title={Max-plus algebra and system theory: where
we are and where to go now},
journal={Annual Reviews in Control}, 
volume=23,
pages={207--219},
year=1999,
@note={\doi{10.1016/S1367-5788(99)90091-3}},
}


@BOOK{maslov73, 
author={V. P. Maslov},
title={M\'ethodes Operatorielles},
publisher={Edition Mir},
address={Moscou},
year={1987},
}

@BOOK{maslovkolokoltsov95,
author={V. N. Kolokoltsov and V. P. Maslov},
title={Idempotent analysis and applications},
publisher={Kluwer Acad. Publisher},
year={1997},
}



@book {mceneaney,
    AMSAUTHOR = {McEneaney, William M.},
AUTHOR = {McEneaney, W. M.},
     TITLE = {Max-plus methods for nonlinear control and estimation},
    SERIES = {Systems \& Control: Foundations \& Applications},
 PUBLISHER = {Birkh\"auser Boston Inc.},
   ADDRESS = {Boston, MA},
      YEAR = {2006},
     PAGES = {xiv+241},
      ISBN = {978-0-8176-3534-3; 0-8176-3534-3},
   MRCLASS = {93-02 (15A18 35B37 35F20 49L20 49L25 93C65)},
  MRNUMBER = {MR2189436 (2006m:93001)},
MRREVIEWER = {George Yin},
}


@incollection {duality,
    AMSAUTHOR = {Akian, Marianne and Quadrat, Jean-Pierre and Viot, Michel},
AUTHOR = {Akian, M. and Quadrat, J.-P. and Viot, M.},
     TITLE = {Duality between probability and optimization},
 BOOKTITLE = {Idempotency ({B}ristol, 1994)},
    SERIES = {Publ. Newton Inst.},
    VOLUME = {11},
     PAGES = {331--353},
 PUBLISHER = {Cambridge Univ. Press},
   ADDRESS = {Cambridge},
      YEAR = {1998},
   MRCLASS = {60F10 (60B10 60E05 90C15)},
  MRNUMBER = {MR1608359},
}


@ARTICLE{litvinov00,
author={G.L. Litvinov and V.P. Maslov and G.B. Shpiz},
title={Idempotent functional analysis: an algebraic approach},
volume={69},
number={5},
year={2001},
journal={Math. Notes},
pages={696--729},
@note={\arxiv{math.FA/0009128}},
}


		


@ARTICLE{vorobyev67,
author={N.N. Vorobyev},
title={Extremal algebra of positive matrices},
journal={Elektron. Informationsverarbeitung und
Kybernetik},
volume={3},
year={1967},
pages={39--71},
note={in {R}ussian},
}



@BOOK{maslov92,
editor={V. Maslov and S. Samborski\u\i},
title={Idempotent analysis},
series={Adv. in Sov. Math.},
volume={13},
publisher={AMS},
address={RI},
year={1992},
}

@article {passare,
    AMSAUTHOR = {Forsberg, Mikael and Passare, Mikael and Tsikh, August},
AUTHOR = {Forsberg, M. and Passare, M. and Tsikh, A.},
     TITLE = {Laurent determinants and arrangements of hyperplane amoebas},
   JOURNAL = {Adv. Math.},
  FJOURNAL = {Advances in Mathematics},
    VOLUME = {151},
      YEAR = {2000},
    NUMBER = {1},
     PAGES = {45--70},
      ISSN = {0001-8708},
     CODEN = {ADMTA4},
   MRCLASS = {32S22 (52C35)},
  MRNUMBER = {MR1752241 (2001m:32060)},
MRREVIEWER = {Guangfeng Jiang},
}
		

@incollection {pin,
    AMSAUTHOR = {Pin, Jean-Eric},
AUTHOR = {Pin, J.-E.},
     TITLE = {Tropical semirings},
 BOOKTITLE = {Idempotency ({B}ristol, 1994)},
    SERIES = {Publ. Newton Inst.},
    VOLUME = {11},
     PAGES = {50--69},
 PUBLISHER = {Cambridge Univ. Press},
   ADDRESS = {Cambridge},
      YEAR = {1998},
   MRCLASS = {16Y60 (68Q45 68Q70)},
  MRNUMBER = {MR1608374 (99a:16045)},
MRREVIEWER = {C. J. Maxson},
}
		




	
@UNPUBLISHED{kim,
author={K.H. Kim and F.W. Roush},
title={Factorization of Polynomials in One Variable over the Tropical Semiring},
note={\arxiv{math/0501167v2}},
year=2005,
}





@inproceedings{dhingra,
 acmnumber={1190110},
 myauthor = {Vishesh Dhingra and St\'ephane Gaubert},
 author = {V. Dhingra and S. Gaubert},
 title = {How to solve large scale deterministic games with mean payoff by policy iteration},
 booktitle = {Valuetools '06: Proceedings of the 1st international conference on Performance evaluation methodologies and tools},
 year = {2006},
 isbn = {1-59593-504-5},
 note = {Article No. 12, \doi{10.1145/1190095.1190110}},
 location = {Pisa, Italy},
 publisher = {ACM Press},
 address = {New York, NY, USA},
 }



@article {MR818894,
    AUTHOR = {Nussbaum, R. D.},
    AMSAUTHOR = {Nussbaum, Roger D.},
     TITLE = {Convexity and log convexity for the spectral radius},
   JOURNAL = {Linear Algebra Appl.},
  FJOURNAL = {Linear Algebra and its Applications},
    VOLUME = {73},
      YEAR = {1986},
     PAGES = {59--122},
      ISSN = {0024-3795},
     CODEN = {LAAPAW},
   MRCLASS = {15A48 (92A15)},
  MRNUMBER = {MR818894 (87g:15026)},
MRREVIEWER = {Marvin Marcus},
}



@incollection {klee,
    AMSAUTHOR = {Klee, Victor and Witzgall, Christoph},
    AUTHOR = {Klee, V. and Witzgall, Ch.},
     TITLE = {Facets and vertices of transportation polytopes},
 BOOKTITLE = {Mathematics of the {D}ecision {S}ciences, {P}art {I}
              ({S}eminar, {S}tanford, {C}alif., 1967)},
     PAGES = {257--282},
 PUBLISHER = {Amer. Math. Soc.},
   ADDRESS = {Providence, R.I.},
      YEAR = {1968},
   MRCLASS = {90.30},
  MRNUMBER = {MR0235832 (38 \#4134)},
}
		





@ARTICLE{yoeli61, 
author={M. Yoeli},
title={A note on a generalization of Boolean matrix theory},
journal={Amer. Math. Monthly},
volume={68},
year={1961}, 
pages={552-557},
}


@BOOK{gondran79,
author={M. Gondran and M. Minoux},
title={Graphes et algorithmes},
publisher={Eyrolles},
address={Paris},
year={1979},
note={Engl. transl. {\em Graphs and Algorithms}, Wiley, 1984},
}








@article {kohlberg,
   AUTHOR = {Kohlberg, E.},
    TITLE = {Invariant half-lines of nonexpansive piecewise-linear
             transformations},
  JOURNAL = {Math. Oper. Res.},
 FJOURNAL = {Mathematics of Operations Research},
   VOLUME = {5},
     YEAR = {1980},
   NUMBER = {3},
    PAGES = {366--372},
     ISSN = {0364-765X},
  MRCLASS = {55M20 (90C40)},
 MRNUMBER = {82a:55005},
}



@ARTICLE{gg,
author={J. Cochet-Terrasson and S.~Gaubert and J.~Gunawardena},
title={A constructive fixed point theorem for Min-Max Functions},
journal={Dynamics and Stability of Systems},
volume=14,
number=4,
year=1999, 
pages={407--433},
}



@ARTICLE{gg98,
author={S. Gaubert and J. Gunawardena},
title={The duality theorem for min-max functions},
journal={C.R. Acad. Sci.},
volume=326,
number=1,
pages={43--48},
year=1998,
}



@UNPUBLISHED{gaubert98n,
author={S. Gaubert},
title={Exotic semirings: Examples and General Results},
note={Support de cours de la 26$^{\text{\rm i\`eme}}$ \'Ecole de Printemps
d'Informatique Th\'eorique, Noirmoutier},
year={1998},
}



@BOOK{shader,
title={Matrices of Sign-Solvable Linear Systems},
series={Cambridge Tracts in Mathematics},
number=116,
author={R.A. Brualdi and B.L. Shader},
year={1995},
publisher={Cambridge University Press},
}

@BOOK{bcoq,
author={F. Baccelli and G. Cohen and G. J. Olsder and J. P. Quadrat},
title={Synchronization and Linearity},
year={1992},
publisher={Wiley},
AMSADDRESS = {Chichester},
ISBN = {0-471-93609-X},
MRCLASS = {93-02 (65C99 68Q90 90B10 90C39 93A30)},
MRNUMBER = {MR1204266 (94b:93001)},
MRREVIEWER = {Boles{\l}aw Miko{\l}ajczak},
}


@UNPUBLISHED{gaubert98n,
author={S. Gaubert},
title={Exotic semirings: Examples and General Results},
note={Support de cours de la 26$^{\mbox{\rm i\`eme}}$ \'Ecole de Printemps\
d'Informatique Th\'eorique, Noirmoutier},
year={1998},
}



@article{katz05,
author={R. D. Katz},
title={Max-plus {$(A,B)$}-invariant spaces and control of timed discrete event systems}, 
journal={IEEE Trans. Aut. Control},
volume={52},
number={2},
pages={229--241},
year={2007}, 
@note={\arxiv{math.OC/0503448}},
} 



@ARTICLE{rand,
author={M. Matsumoto and T. Nishimura},
title={Mersenne Twister: A 623-dimensionally equidistributed uniform pseudorandom number generator},
journal={ACM Trans. on Modeling and Computer Simulation},
volume={8},
pages={3--30},
year={1998},
number={1},
}





@article {ehrenfeucht,
    AUTHOR = {Ehrenfeucht, A. and Mycielski, J.},
     TITLE = {Positional strategies for mean payoff games},
   JOURNAL = {Internat. J. Game Theory},
  FJOURNAL = {International Journal of Game Theory},
    VOLUME = {8},
      YEAR = {1979},
    NUMBER = {2},
     PAGES = {109--113},
      ISSN = {0020-7276},
     CODEN = {IJGTA2},
   MRCLASS = {90D05 (05C20 90D42)},
  MRNUMBER = {83d:90246},
}


@article {bewkohl,
   AUTHOR = {Bewley, T. and Kohlberg, E.},
    TITLE = {The asymptotic solution of a recursion equation occurring in
             stochastic games},
  JOURNAL = {Math. Oper. Res.},
   VOLUME = {1},
     YEAR = {1976},
   NUMBER = {4},
    PAGES = {321--336},
  MRCLASS = {93E05 (90D15 93E20)},
 MRNUMBER = {58 #26421},
}






@INPROCEEDINGS{ccggq98,
title={Numerical computation of spectral elements in max-plus
		  algebra},
author={J. Cochet-Terrasson and G. Cohen and S. Gaubert
and M. Mc Gettrick and J.-P. Quadrat},
amsauthor={Jean Cochet-Terrasson and Guy Cohen and St\'ephane Gaubert
and Michael Mc Gettrick and Jean-Pierre Quadrat},
year={1998},
booktitle={Proc. of the IFAC Conference on System Structure and
		  Control},
address={Nantes},
month={July},
}








@incollection {MR1255328,
    AMSAUTHOR = {Condon, Anne},
     AUTHOR = {Condon, A.},
     TITLE = {On algorithms for simple stochastic games},
 BOOKTITLE = {Advances in computational complexity theory (New Brunswick,
              NJ, 1990)},
    SERIES = {DIMACS Ser. Discrete Math. Theoret. Comput. Sci.},
    VOLUME = {13},
     PAGES = {51--71},
 PUBLISHER = {Amer. Math. Soc.},
   ADDRESS = {Providence, RI},
      YEAR = {1993},
   MRCLASS = {68Q15 (68Q75)},
  MRNUMBER = {MR1255328 (94i:68092)},
}

l

@BOOK{ROCK,
AUTHOR={R. T. Rockafellar},
TITLE={Convex analysis},
PUBLISHER={Princeton University Press},
YEAR=1970,
}



@ARTICLE{sgjg04,
author={S. Gaubert and J. Gunawardena},
title={The {P}erron-{F}robenius theorem for homogeneous, monotone functions},
journal={Trans. of AMS},
volume={356},
number={12},
pages={4931--4950},
year={2004},
}


@ARTICLE{spectral2,
AUTHOR={M. Akian and S. Gaubert},
TITLE={Spectral Theorem for Convex Monotone Homogeneous Maps,
and ergodic Control},
YEAR=2003,
JOURNAL={Nonlinear Analysis. Theory, Methods \& Applications},
VOLUME={52},
NUMBER=2,
PAGES={637--679}
}








@ARTICLE{nussbaum88,
author={R. D. Nussbaum},
title={Hilbert's projective metric and iterated nonlinear maps},
journal={Memoirs of the AMS},
volume={75},
number={391},
year={1988},
}


@ARTICLE{nussbaum89,
author={R. D. Nussbaum},
title={Iterated nonlinear maps and Hilbert's projective metric},
journal={Memoirs of the AMS},
volume={79},
number={401},
year={1989},
}




@article {MR98h:60118,
   AUTHOR = {Sabot, C.},
    TITLE = {Existence and uniqueness of diffusions on finitely ramified
             self-similar fractals},
  JOURNAL = {Ann. Sci. \'Ecole Norm. Sup. (4)},
 FJOURNAL = {Annales Scientifiques de l'\'Ecole Normale Sup\'erieure.
             Quatri\`eme S\'erie},
   VOLUME = {30},
     YEAR = {1997},
   NUMBER = {5},
    PAGES = {605--673},
     ISSN = {0012-9593},
    CODEN = {ASENAH},
}



@ARTICLE{ms69,
author={M. Menon and H. Schneider},
title={The spectrum of an operator associated with a matrix},
journal={Linear Algebra and its Applications}, 
volume=2,
pages={321--334},
year=1969,
}
                   



@INPROCEEDINGS{gg98a,
author={S. Gaubert and J. Gunawardena},
title={A Non-Linear Hierarchy for Discrete Event Dynamical Systems},
booktitle={Proc. of the Fourth Workshop on Discrete Event Systems (WODES98)},
publisher={IEE},
address={Cagliari, Italy},
year={1998},
}




@INCOLLECTION{CGQ95a,
author={G. Cohen and S. Gaubert and J.P. Quadrat},
title={Algebraic System Analysis of Timed {P}etri Nets},
booktitle={Idempotency},
editor={J. Gunawardena},
publisher={Cambridge University Press},
pages={145--170},
year={1998},
} 








@BOOK{guna96,
editor={J. Gunawardena},
title={Idempotency},
series={Publications of the Newton Institute},
publisher={Cambridge University Press},
year={1998},
}



@article {ek,
    AUTHOR = {Katirtzoglou, E.},
     TITLE = {The cycle time vector of {$D$}-{$A$}-{$D$} functions},
   JOURNAL = {Linear Algebra Appl.},
  FJOURNAL = {Linear Algebra and its Applications},
    VOLUME = {293},
      YEAR = {1999},
    NUMBER = {1-3},
     PAGES = {133--144},
      ISSN = {0024-3795},
     CODEN = {LAAPAW},
   MRCLASS = {47H09 (37B99 47H10 54H25)},
  MRNUMBER = {2000e:47083},
}






@ARTICLE{zijm84,
author={W. H. M. Zijm},
title={Generalized eigenvectors and sets of nonnegative matrices},
journal={Linear Algebra and its Applications}, 
volume={59},
pages={91--113},
year=1984,
}






@PHDTHESIS{cochet,
author={J. Cochet-Terrasson},
title={Algorithmes d'it\'eration sur les politiques pour les applications monotones contractantes},
school={\'Ecole des Mines de Paris},
type={{P}h. {D} Thesis},
year={2001},
}


@TECHREPORT{bm,
author={T. Bousch and J. Mairesse},
title={Fonctions topicales \`a port\'ee finie et fonctions uniform\'ement topicales},
year=2003,
type={Report},
institution={LIAFA},
number={002},
}

@UNPUBLISHED{hamburg,
author={S. Gaubert and J. Gunawardena},
title={On the existence of the cycle time of nonexpansive maps},
year={2000},
note={Draft},
}
@UNPUBLISHED{preprint,
author={S. Gaubert and J. Gunawardena},
title={On the existence of the cycle time for some subtopical maps},
year={2004},
note={preprint},
}





@ARTICLE{mxpnxp0,
author={J. Gunawardena},
title={From max-plus algebra to nonexpansive maps: a nonlinear theory for
  discrete event systems},
journal={Theoretical Computer Science}, 
volume=293,
pages={141--167},
year=2003,
}










                                                             



@ARTICLE{pazy,
author={A. Pazy},
year={1971},
title={Asymptotic Behavior of Contractions in {H}ilbert Spaces},
journal={Israel J. Math.},
volume={9},
pages={235--240},
}




@ARTICLE{reich,
author={S. Reich},
title={Asymptotic behavior of contractions in {B}anach spaces},
year={1973},
journal={J. Math. Anal. Appl.},
volume=44,
pages={57-70},
}





@TECHREPORT{gunawardenakeane,
author={J. Gunawardena and M. Keane},
title={On the existence of cycle times for some nonexpansive maps},
year={1995},
institution={Hewlett-Packard Labs},
number={HPL-BRIMS-95-003},
type={Technical Report},
}


@BOOK{sorin,
author={S. Sorin},
title={A first course on zero-sum repeated games},
publisher={Springer},
year={2002},
}





@book {whittle,
    AUTHOR = {Whittle, P.},
     TITLE = {Optimization over time. {V}ol. {II}},
    SERIES = {Wiley Series in Probability and Mathematical Statistics:
              Applied Probability and Statistics},
 PUBLISHER = {John Wiley \& Sons Ltd.},
   ADDRESS = {Chichester},
      YEAR = {1983},
     PAGES = {x+317},
      ISBN = {0-471-10496-5},
   MRCLASS = {90C39 (60-02 90-02 90C40 93E10)},
  MRNUMBER = {85e:90062},
MRREVIEWER = {M. H. A. Davis},
}

@proceedings {MR2004h:91004,
     TITLE = {Stochastic games and applications},
    SERIES = {NATO Science Series C: Mathematical and Physical Sciences},
    VOLUME = {570},
 BOOKTITLE = {Proceedings of the Nato Advanced Study Institute held in Stony
              Brook, NY, July 7--17, 1999},
    EDITOR = {Neyman, Abraham and Sorin, Sylvain},
 PUBLISHER = {Kluwer Academic Publishers},
   ADDRESS = {Dordrecht},
      YEAR = {2003},
     PAGES = {x+473},
      ISBN = {1-4020-1492-9},
   MRCLASS = {91-02 (91-06 91A15)},
  MRNUMBER = {2004h:91004},
}
@book {puterman,
    AUTHOR = {Puterman, M. L.},
     TITLE = {Markov decision processes: discrete stochastic dynamic
              programming},
    SERIES = {Wiley Series in Probability and Mathematical Statistics:
              Applied Probability and Statistics},
 PUBLISHER = {John Wiley \& Sons Inc.},
   ADDRESS = {New York},
      YEAR = {1994},
     PAGES = {xx+649},
      ISBN = {0-471-61977-9},
   MRCLASS = {90C40 (90-02)},
  MRNUMBER = {95b:90152},
MRREVIEWER = {Douglas John White},
}








@INCOLLECTION{kolokoltsov,
author={V. Kolokoltsov},
title={Linear additive and homogeneous operators in idempotent analysis},
editor={V. P. Maslov and S. S. Samborski\u\i},
booktitle={Idempotent analysis},
series={Advance in Soviet Math.},
volume=13,
year=1992,
pages={87--101},
}



@BOOK{mor64,
author={M. Morishima},
title={quilibrium, Stability and Growth},
year={1964},
address={London},
}


@ARTICLE{krut48,
author={M. G. Krein and M. A. Rutman},
title={Linear operators leaving invariant a cone in a {B}anach space},
journal={Uspehi Matemati\u{c}eskih Nauk}, 
volume=3,
pages={3--95},
year={1948},
note={Available as AMS Translations Number 26},
}



@BOOK{maslov92,
editor={V. Maslov and S. Samborski\u\i},
title={Idempotent analysis},
series={Adv. in Sov. Math.},
volume={13},
publisher={AMS},
address={RI},
year={1992},
}




@article {rosenbergsorin,
    AUTHOR = {Rosenberg, D. and Sorin, S.},
     TITLE = {An operator approach to zero-sum repeated games},
   JOURNAL = {Israel J. Math.},
  FJOURNAL = {Israel Journal of Mathematics},
    VOLUME = {121},
      YEAR = {2001},
     PAGES = {221--246},
      ISSN = {0021-2172},
     CODEN = {ISJMAP},
   MRCLASS = {91A20 (91A15)},
  MRNUMBER = {2002k:91031},
}


@BOOK{schrijver,
author={A. Schrijver},
title={Theory of linear and integer programming},
year=1986,
publisher={Wiley},
}


@ARTICLE{jmy,
author={J. Gunawardena},
title={Min-max functions},
journal={Discrete Event Dynamic Systems},
volume=4,
pages={377-406},
year={1994},
}


@UNPUBLISHED{perennes,
author={G. J. Olsder and S. Perennes},
year={1997},
note={Draft},
}





@ARTICLE{bather,
author={J. Bather},
title={Optimal decision procedures for finite {M}arkov chains. {P}art {II}.
  {C}ommunicating systems},
journal={Adv. Appl. Prob.}, 
volume=5,
pages={521--540},
year=1973,
}



@ARTICLE{crandall,
author={M.G. Crandall and L. Tartar},
title={Some relations between non expansive and order preserving maps},
journal={Proceedings of the AMS}, 
volume=78,
number=3,
pages={385--390},
year=1980,
}







@article {singer00,
    AUTHOR = {Rubinov, A. M. and Singer, I.},
     TITLE = {Topical and sub-topical functions, downward sets and abstract
              convexity},
   JOURNAL = {Optimization},
  FJOURNAL = {Optimization. A Journal of Mathematical Programming and
              Operations Research},
    VOLUME = {50},
      YEAR = {2001},
    NUMBER = {5-6},
     PAGES = {307--351},
      ISSN = {0233-1934},
   MRCLASS = {90C48 (26B25 49J53 52A41 90C46)},
  MRNUMBER = {2003b:90130},
MRREVIEWER = {Armin Hoffmann},
}




@article {zwick, 
    AUTHOR = {Zwick, U. and Paterson, M.},
     TITLE = {The complexity of mean payoff games on graphs},
   JOURNAL = {Theoret. Comput. Sci.},
  FJOURNAL = {Theoretical Computer Science},
    VOLUME = {158},
      YEAR = {1996},
    NUMBER = {1-2},
     PAGES = {343--359},
      ISSN = {0304-3975},
     CODEN = {TCSDI},
   MRCLASS = {90D43 (68Q25)},
  MRNUMBER = {97e:90139},
MRREVIEWER = {Rong Si Chen},
}


@preamble{
   "\def\cprime{$'$} "
}
@article {gurvich,
    AUTHOR = {Gurvich, V. A. and Karzanov, A. V. and Khachiyan, L. G.},
     TITLE = {Cyclic games and finding minimax mean cycles in digraphs},
   JOURNAL = {Zh. Vychisl. Mat. i Mat. Fiz.},
  FJOURNAL = {Akademiya Nauk SSSR. Zhurnal Vychislitel\cprime no\u\i\
              Matematiki i Matematichesko\u\i\ Fiziki},
    VOLUME = {28},
      YEAR = {1988},
    NUMBER = {9},
     PAGES = {1407--1417, 1439},
      ISSN = {0044-4669},
   MRCLASS = {90D05 (68R10)},
  MRNUMBER = {90g:90196},
MRREVIEWER = {O. Pokorn{\'a}},
}
@article {gurvich2,
    AUTHOR = {Gurvich, V. A. and Karzanov, A. V. and Khachiyan, L. G.},
     TITLE = {Cyclic games and an algorithm to find minimax cycle means in directed graphs},
   JOURNAL = {U.S.S.R. Comput. Math. Phys.},
    VOLUME = {28},
      YEAR = {1988},
    NUMBER = {5},
     PAGES = {85--91},
}

@ARTICLE{hoffman,
title={On nonterminating stochastic games},
author={A. J. Hoffman and R. M. Karp},
journal={Management sciences},
volume=12,
number=5,
year=1966,
pages={359--370},
}

@BOOK{Howard60,
author={R. Howard},
title={Dynamic Programming and Markov Processes},
publisher={Wiley},
year={1960},
}


@INPROCEEDINGS{jurdzinski,
author={Jens V\"oge and Marcin Jurdzi\'nski},
title={A discrete strategy improvement algorithm for solving parity games},
year={2000},
booktitle={Proceedings of 12th Int. Conf. on Computer Aided Verification (CAV'2000)},
month={July},
}





@ARTICLE{olsder91,
author={G.J. Olsder},
title={Eigenvalues of dynamic min-max systems},
journal={J. of Discrete Event Dynamic Systems},
volume={1},
pages={177-207},
year={1991},
}




@UNPUBLISHED{agw04b,
author={M. Akian and S. Gaubert and C. Walsh},
title={The max-plus {M}artin boundary},
year=2005,
note={\arxiv{math.MG/0412408} version 2},
}



@TECHREPORT{cohen83,
author={G. Cohen and D. Dubois and J.P. Quadrat and M. Viot},
title={Analyse du comportement p\'{e}riodique
des syst\`{e}mes de production par la th\'{e}orie des dio\"\i des},
institution={INRIA},
number={191},
address={Le Chesnay, France},
type={Rapport de recherche},
year={1983},}




@PHDTHESIS{burns91,
author={S. Burns},
title={Performance Analysis and Optimization of Asynchronous Circuits},
type={PhD thesis},
school={California Institute of Technology},
year={1990},
}




@ARTICLE{karp78, 
author={R.M. Karp},
title={A characterization of the minimum mean-cycle
in a digraph},
journal={Discrete Maths.},
volume={23},
pages={309-311},
publisher={North Holland},
year={1978},
}



@INPROCEEDINGS{goubault,
author={A. Costan and S. Gaubert and E. Goubault and M. Martel and S. Putot},
title={A policy iteration algorithm for computing fixed points in static analysis of programs},
booktitle={Proceedings of the 17th International Conference on Computer Aided Verification (CAV'05)},
publisher={Springer},
address={Edinburgh},
month={July},
series={LNCS},
number={3576},
pages={462--475},
year={2005},
}





@article {cheng,
     AMSAUTHOR = {Cheng, Yiping and Zheng, Da-Zhong},
      AUTHOR = {Cheng, Y. and Zheng, D.-Z.},
      TITLE = {A cycle time computing algorithm and its application in the
               structural analysis of min-max systems},
    JOURNAL = {Discrete Event Dyn. Syst.},
   FJOURNAL = {Discrete Event Dynamic Systems: Theory and Applications},
     VOLUME = {14},
       YEAR = {2004},
     NUMBER = {1},
      PAGES = {5--30},
       ISSN = {0924-6703},
      CODEN = {DEDAEE},
    MRCLASS = {93C65 (68M99 68W99)},
   MRNUMBER = {MR2032310 (2004k:93083)},
MRREVIEWER = {Fernando Lobo Pereira},
}


@UNPUBLISHED{minmax,
author={J. Cochet-Terrasson and S. Gaubert},
title={A Min-Max analogue of the {H}oward Algorithm},
year=1996,
note={Privately circuled draft},
}



@TECHREPORT{BSV,
institution={DIMACS},
type={Technical Report},
number={05},
year={2004},
title={A Combinatorial Strongly Subexponential Strategy Improvement Algorithm for Mean Payoff Games},
author={Henrik Bjorklund and Sven Sandberg and Sergei Vorobyov},
amsauthor={H. Bjorklund and S. Sandberg and S. Vorobyov},
}

@INPROCEEDINGS{JPZ,
author={M. Jurdzi\'nski and M. Paterson and U. Zwick},
amsauthor={Marcin Jurdzi\'nski and Mike Paterson and Uri Zwick},
title={A deterministic subexponential algorithm for solving parity games},
booktitle={Proceedings of the ACM-SIAM Symposium on Discrete Algorithms (SODA 2006)},
month={January},
year=2006,
}


@article {condon2,
    AMSAUTHOR = {Condon, Anne},
    AUTHOR = {Condon, A.},
     TITLE = {The complexity of stochastic games},
   JOURNAL = {Inform. and Comput.},
  FJOURNAL = {Information and Computation},
    VOLUME = {96},
      YEAR = {1992},
    NUMBER = {2},
     PAGES = {203--224},
      ISSN = {0890-5401},
   MRCLASS = {90D15 (05C99 90D43 93E05)},
  MRNUMBER = {MR1147987 (92k:90136)},
MRREVIEWER = {Victor J. Baston},
}







@ARTICLE{JPZSIAM,
author={M. Jurdzi\'nski and M. Paterson and U. Zwick},
amsauthor={Marcin Jurdzi\'nski and Mike Paterson and Uri Zwick},
title={A deterministic subexponential algorithm for solving parity games},
journal={SIAM J. Comput.},
volume=38,
number=4,
pages={1519--1532},
year=2008,
}
@inproceedings{friedman,
  myauthor    = {Oliver Friedmann},
  author    = {O. Friedmann},
  title     = {An Exponential Lower Bound for the Parity Game Strategy
               Improvement Algorithm as We Know it},
  booktitle = {Proceedings of the 24th Annual IEEE Symposium on Logic in
               Computer Science (LICS 2009)},
  year=2009, 

  pages     = {145-156}, 
  publisher = {IEEE Computer Society},
  ee        = {http://dx.doi.org/10.1109/LICS.2009.27},
  crossref  = {DBLP:conf/lics/2009},
  bibsource = {DBLP, http://dblp.uni-trier.de}
}


@article {burbanks,
    AMSAUTHOR = {Burbanks, Andrew D. and Nussbaum, Roger D. and Sparrow, Colin
              T.},
    AUTHOR = {Burbanks, A. D. and Nussbaum, R. D. and Sparrow, C. T.},
     TITLE = {Extension of order-preserving maps on a cone},
   JOURNAL = {Proc. Roy. Soc. Edinburgh Sect. A},
  FJOURNAL = {Proceedings of the Royal Society of Edinburgh. Section A.
              Mathematics},
    VOLUME = {133},
      YEAR = {2003},
    NUMBER = {1},
     PAGES = {35--59},
      ISSN = {0308-2105},
     CODEN = {PEAMDU},
   MRCLASS = {47H07 (46A40 47A63 47J10)},
  MRNUMBER = {MR1960046 (2004a:47061)},
}



@ARTICLE{vinc94,
author={J.M. Vincent},
title={Some ergodic results on stochastic iterative discrete events
		  systems},
journal={DEDS: Theory and Applications},
volume={7},
number={2},
pages={209--233},
year={1997},
}


@ARTICLE{cgq02,
author={G. Cohen and S. Gaubert and J. P. Quadrat},
title={Duality and Separation Theorems in Idempotent Semimodules},
journal={Linear Algebra and Appl.},
volume={379},
pages={395--422},
year={2004},
mynote={\doi{10.1016/j.laa.2003.08.010} \arxiv{math.FA/0212294}},
}


@article {DS04,
    AMSAUTHOR = {Develin, Mike and Sturmfels, Bernd},
    AUTHOR = {Develin, M. and Sturmfels, B.},
     TITLE = {Tropical convexity},
   JOURNAL = {Doc. Math.},
  FJOURNAL = {Documenta Mathematica},
    VOLUME = {9},
      YEAR = {2004},
     AMSPAGES = {1--27},
     PAGES = {1--27},
      ISSN = {1431-0635},
   MRCLASS = {52A30 (52B10 92D15)},
  MRNUMBER = {MR2054977 (2005i:52010)},
MRREVIEWER = {Gerard Sierksma},
note={(Erratum pp.~205--206).},
mynote={\arxiv{math.MG/0308254}},
}

@INCOLLECTION{cgqs04,
author={G. Cohen and S. Gaubert and J. P. Quadrat and I. Singer},
title={Max-plus convex sets and functions},
booktitle={Idempotent Mathematics and Mathematical Physics},
mynote={Also ESI Preprint 1341, \arxiv{math.FA/0308166}},
editor={G. L. Litvinov and V. P. Maslov},
series={Contemporary Mathematics},
publisher={American Mathematical Society},
year={2005},
pages={105--129},
vol={377},
}

@UNPUBLISHED{rk09,
author={S. Gaubert and R. Katz},
title={Minimal half-spaces and external representation of tropical polyhedra},
note={\arxiv{arXiv:0908.1586v1}},
year=2009,
}


@ARTICLE{SGKatz,
author={S. Gaubert and R. Katz},
title={Minimal half-spaces and external representation of tropical polyhedra},
journal={Journal of Algebraic Combinatorics},
volume=33,
number=3,
pages={325-348},
note={\doi{10.1007/s10801-010-0246-4},  \arxiv{arXiv:0908.1586},},
year=2011,
}

@ARTICLE{Nuss-Mallet,
author={J. Mallet-Paret and R. Nussbaum},
title={Eigenvalues for a Class of Homogeneous Cone Maps Arising from Max-Plus Operators},
year={2002},
volume=8,
number=3,
month={July},
pages={519--562},
journal={Discrete and Continuous Dynamical Systems},
}





@ARTICLE{GM08,
longauthor={St{\'e}phane Gaubert and Fr\'ed\'eric Meunier},
author={S. Gaubert and F. Meunier},
title={Carath{\'e}odory, {H}elly and the others in the max-plus world},
journal={Discrete and Computational Geometry},
volume={43},
year={2010},
number=3,
pages={648-662},
note={\doi{10.1007/s00454-009-9207-x}, \arxiv{0804.1361v1}},
}





@ARTICLE{zimmerman77,
author={K. Zimmermann},
title={A general separation theorem in extremal algebras},
journal={Ekonomicko-matematicky Obzor}, 
volume={13},
number={2},
pages={179--201},
year=1977,
}


@INCOLLECTION{cgq00,
author={G. Cohen and S. Gaubert and J. P. Quadrat},
title={Hahn-{B}anach Separation Theorem for Max-Plus Semimodules},
booktitle={Optimal Control and Partial Differential Equations},
publisher={IOS Press},
editor={J. L. Menaldi and E. Rofman and A. Sulem},
year={2001},
pages={325--334},
}




@article{katz08,
author={S. Gaubert and R. D. Katz},
title={The tropical analogue of polar cones},
url={http://arxiv.org/abs/0805.3688},
journal={Linear Algebra and Appl.},
year={2009},
volume={431},
number={5-7},
pages={608--625},
x-international-audience = {yes},
x-editorial-board = {yes},
mynote={Also eprint \arxiv{0805.3688}},
}


@UNPUBLISHED{loiseau,
author={Di Loreto, M. and S. Gaubert and R. D. Katz and J.-J. Loiseau},
amsauthor={Di Loreto, Michael and Stephane Gaubert and Ricardo D. Katz and Jean-Jacques Loiseau},
title={Duality between invariant spaces for max-plus linear discrete event systems},
note={\arxiv{0901.2915}},
year={2009},
}


@ARTICLE{LGKL09,
author={M. Di Loreto and S. Gaubert and R. Katz and J-J. Loiseau},
title={Duality between invariant spaces for max-plus linear discrete event systems},
journal={SIAM J. Control Optim.},
volume=48,
number=8,
year={2010},
pages={5606-5628},
note={\doi{10.1137/090747191}, \arxiv{0901.2915}},
}





@incollection{XAGG08,
author={X. Allamigeon and S. Gaubert and \'E. Goubault},
title={Inferring Min and Max Invariants Using Max-plus Polyhedra},
year={2008},
booktitle={SAS'08},
publisher={Springer},
series={LNCS},
volume=5079,
pages={189--204},
address={Valencia, Spain},
}




@UNPUBLISHED{AGG09,
author={X. Allamigeon and S. Gaubert and \'E. Goubault},
title={Computing the Extreme Points of Tropical Polyhedra},
year={2009},
note={\arxiv{0904.3436} (v2)},
}




@ARTICLE{AlGK09,
author={X. Allamigeon and S. Gaubert and R. Katz},
title={The number of extreme points of tropical polyhedra},
journal={J. Comb. Theory Series A},
volume={118},
number=1,
pages={162-189},
note={\doi{10.1016/j.jcta.2010.04.003}, \arxiv{0906.3492}},
year={2011},
}

@unpublished{AGK09,
author={X. Allamigeon and S. Gaubert and R. D. Katz},
title={The number of extreme points of tropical polyhedra},
year={2009},
note={\arxiv{0906.3492}},
}


@INPROCEEDINGS{joswig-2008,
  author = {M. Joswig},
  title = {Tropical Convex Hull Computations},
booktitle={Proceedings of the International Conference on Tropical and Idempotent Mathematics},
editor={G.L. Litvinov and S.N. Sergeev},
publisher={American Mathematical Society},
series={Contemporary Mathematics},
   year = 2009,
volume={495},
pages={193--212},
}


@incollection {joswig04,
    AUTHOR = {Joswig, M.},
     TITLE = {Tropical halfspaces},
 BOOKTITLE = {Combinatorial and computational geometry},
    SERIES = {Math. Sci. Res. Inst. Publ.},
    VOLUME = {52},
     PAGES = {409--431},
 PUBLISHER = {Cambridge Univ. Press},
   ADDRESS = {Cambridge},
      YEAR = {2005},
   MRCLASS = {52A30 (15A03 52C45)},
  MRNUMBER = {MR2178330},
MRREVIEWER = {Eugenii Shustin},
mynote={\arxiv{math.CO/0312068}},
}


@article {JSY07,
MRNUMBER={MR2367213},
    AUTHOR = {M. Joswig and B. Sturmfels and J. Yu},
     TITLE = {Affine buildings and tropical convexity},
   JOURNAL = {Albanian J. Math.},
  FJOURNAL = {Albanian Journal of Mathematics},
    VOLUME = {1},
      YEAR = {2007},
    NUMBER = {4},
     PAGES = {187--211},
      ISSN = {1930-1235},
   MRCLASS = {20E42},
  MRNUMBER = {MR2367213 (2008k:20063)},
MRREVIEWER = {Petra Hitzelberger},
mynote={\arxiv{0706.1918}},
}


@ARTICLE{bezem,
myauthor={Marc Bezem and Robert Nieuwenhuis and Enric Rodr\'\i guez-Carbonell},
author={M. Bezem and R. Nieuwenhuis and E. Rodr\'\i guez-Carbonell},
title={Exponential behaviour of the {B}utkovic-{Z}immermann algorithm for solving two-sided linear systems in max-algebra},
journal={Discrete Applied Mathematics},
volume=156,
number=18,
pages={3506--3509},
month={November},
year={2008},
}

@article {MR2203194,
    AMSAUTHOR = {Butkovi{\v{c}}, Peter and Zimmermann, Karel},
    AUTHOR = {Butkovi{\v{c}}, P. and Zimmermann, K.},
     TITLE = {A strongly polynomial algorithm for solving two-sided linear
              systems in max-algebra},
   JOURNAL = {Discrete Appl. Math.},
  FJOURNAL = {Discrete Applied Mathematics. The Journal of Combinatorial
              Algorithms, Informatics and Computational Sciences},
    VOLUME = {154},
      YEAR = {2006},
    NUMBER = {3},
     PAGES = {437--446},
      ISSN = {0166-218X},
     CODEN = {DAMADU},
   MRCLASS = {93C65 (15A24 68Q25)},
  MRNUMBER = {MR2203194 (2006m:93080)},
MRREVIEWER = {Alessandro Giua},
}


@ARTICLE{gondran78,
author={M. Gondran and M. Minoux},
title={L'ind\'ependance lin\'eaire dans les dio\"\i des},
journal={E.D.F., Bulletin de la Direction des Etudes et recherches,
S\'erie C, Math\'ematiques, Informatique}, 
volume={1},
year={1978}, 
pages={67-90},
}



@ARTICLE{bjorklund,
author={H. Bjorklund and S. Vorobyov},
title={A combinatorial strongly subexponential strategy improvement algorithm for mean payoff games},
journal={Discrete Appl. Math.},
volume=155,
year=2007,
pages={210Â­229},
}


@INPROCEEDINGS{bezem2,
myauthor={Marc Bezem and Robert Nieuwenhuis and Enric Rodr\'\i guez-Carbonell},
author={M. Bezem and R. Nieuwenhuis and E. Rodr\'\i guez-Carbonell},
title={The Max-Atom Problem and its Relevance},
booktitle={Proceedings of the 15th International Conference on Logic for Programming, Artificial Intelligence and Reasoning (LPAR'08)},
year={November 2008},
address={Doha (Qatar)},
publisher={Springer},
series={LNCS},
volume={5330},
}


@ARTICLE{bezem3,
myauthor={Marc Bezem and Robert Nieuwenhuis and Enric Rodr\'\i guez-Carbonell},
author={M. Bezem and R. Nieuwenhuis and E. Rodr\'\i guez-Carbonell},
title={Hard problems in max-algebra, control theory, hypergraphs and other areas},
journal={Information Processing Letters},
year={2010},
volume=110,
number=4,
pages={133-138},
}



@incollection {neymansurv,
    AUTHOR = {Neyman, A.},
     TITLE = {Stochastic games and nonexpansive maps},
 BOOKTITLE = {Stochastic games and applications (Stony Brook, NY, 1999)},
    SERIES = {NATO Sci. Ser. C Math. Phys. Sci.},
    VOLUME = {570},
     PAGES = {397--415},
 PUBLISHER = {Kluwer Acad. Publ.},
   ADDRESS = {Dordrecht},
      YEAR = {2003},
   MRCLASS = {91A15 (47H09 47N10)},
  MRNUMBER = {2 035 569},
}

@UNPUBLISHED{izhrowen2,
amsauthor={Zur Izhakian and Louis Rowen},
author={Z. Izhakian and L. Rowen},
year={2009},
title={Supertropical matrix algebra II: Solving tropical equations},
note={\arxiv{0902.2159}},
}

@UNPUBLISHED{atserias,
author={A. Atserias and E. Maneva},
title={Mean-Payoff games and the max-atom problem},
year={2009},
note={Technical report (available from the author's web page).},
}

@article {skutella,
    LONGAUTHOR = {M{\"o}hring, Rolf H. and Skutella, Martin and Stork, Frederik},
AUTHOR = {M{\"o}hring, R. H. and Skutella, M. and Stork, F.},
     TITLE = {Scheduling with {AND}/{OR} precedence constraints},
   JOURNAL = {SIAM J. Comput.},
  FJOURNAL = {SIAM Journal on Computing},
    VOLUME = {33},
      YEAR = {2004},
    NUMBER = {2},
     PAGES = {393--415},
      ISSN = {0097-5397},
   MRCLASS = {90B35 (05C85 90C27)},
  MRNUMBER = {MR2048448 (2004m:90051)},
       DOI = {10.1137/S009753970037727X},
       URL = {http://dx.doi.org/10.1137/S009753970037727X},
}
		




  @InProceedings{Friedmann-AnExponentialLowerB,
    author = 	 {O. Friedmann},
    title = 	 {An Exponential Lower Bound for the Parity Game Strategy Improvement Algorithm as We Know it},
    booktitle =  {Proceedings of the Twenty-Fourth Annual IEEE Symposium on Logic in Computer Science (LICS 2009)},
    year =	 {2009},
    month =	 {August}, 
    pages =      {145--156},
    location =   {Los Angeles, California, USA}, 
    publisher =	 {IEEE Computer Society Press}
  }



@ARTICLE{agg10,
title={Tropical polar cones, hypergraph transversals, and mean payoff games},
longauthor={Xavier Allamigeon, Stephane Gaubert, Ricardo D. Katz},
author={X. Allamigeon and S. Gaubert and R. D. Katz},
abstract={We discuss the tropical analogues of several basic questions of convex duality. In particular, the polar of a tropical polyhedral cone represents the set of linear inequalities that its elements satisfy. We characterize the extreme rays of the polar in terms of certain minimal set covers which may be thought of as weighted generalizations of minimal transversals in hypergraphs. We also give a tropical analogue of Farkas lemma, which allows one to check whether a linear inequality is implied by a finite family of linear inequalities. Here, the certificate is a strategy of a mean payoff game. We discuss examples, showing that the number of extreme rays of the polar of the tropical cyclic polyhedral cone is polynomially bounded, and that there is no unique minimal system of inequalities defining a given tropical polyhedral cone.},
journal={Linear Algebra and its Applications},
year=2011,
note={Published onl line, \doi{10.1016/j.laa.2011.02.004}, \arxiv{1004.2778}},
}


@incollection{AGG10double,
author={X. Allamigeon and S. Gaubert and \'E. Goubault},
title={The tropical double description method},
year={2010},
booktitle={Proceedings of the 27th International Symposium on Theoretical Aspects of Computer Science (STACS'2010, March 4-6, Nancy, France)},
publisher = {Leibniz Center in Informatics},
note={\doi{10.4230/LIPIcs.STACS.2010.2443}},
}



@incollection{AkianGaubertGuterman10,
author={M. Akian and S. Gaubert and A. Guterman},
title={The correspondence between tropical convexity and mean payoff games},
booktitle={Proceedings of the 19th International Symposium on Mathematical Theory of Networks and Systems (MTNS 2010), 5-9 July, 2010, Budapest, Hungary},
pages={1295--1302}, year={2010},
ISBN={978-963-311-370-7},
note={ISBN 978-963-311-370-7},
}


@unpublished{gks10,
author={S. Gaubert and R. D. Katz and S. Sergeev},
note={Third international Workshop on Invariant Generation (WING'2010), associated with the International Joint Conference on Automated Reasoning (IJCAR 2010), Edinburgh July 21, 2010; \arxiv{1101.3431}},
title={Tropical linear programming and parametric mean payoff games},
year={2010},
}

@inproceedings{schewe,
LONGAUTHOR = "Sven Schewe",
AUTHOR = "S. Schewe",
TITLE = "From Parity and Payoff Games to Linear Programming",
booktitle = "34th International Symposium on Mathematical Foundations of Computer Science (MFCS'09)",
publisher={Springer},
PAGES = {675-686},
YEAR = {2009},
}



@article {blockyu06,
    AUTHOR = {F. Block and J. Yu},
     TITLE = {Tropical convexity via cellular resolutions},
   JOURNAL = {J. Algebraic Combin.},
  FJOURNAL = {Journal of Algebraic Combinatorics. An International Journal},
    VOLUME = {24},
      YEAR = {2006},
    NUMBER = {1},
     PAGES = {103--114},
      ISSN = {0925-9899},
     CODEN = {JAOME7},
   MRCLASS = {52B70 (13P99 14P99 52B10 52B55)},
  MRNUMBER = {MR2245783 (2007f:52041)},
MRREVIEWER = {Domenico Fiorenza},
note={E-print \arxiv{math.MG/0503279}},
}


@ARTICLE{NiticaSinger07a,
author={V. Nitica and I. Singer},
title={Max-plus convex sets and max-plus semispaces. {I}},
journal={Optimization}, 
volume={56},
number={1--2},
pages={171--205},
year={2007},
}



@book {filar97,
    LONGAUTHOR = {Jerzy A. Filar  and Koos Vrieze},
    AUTHOR = {J. A. Filar  and K. Vrieze},
     TITLE = {Competitive Markov decision processes},
 PUBLISHER = {Springer-Verlag},
      YEAR = {1997},
     LONGPAGES = {XII+393},
      LONGISBN = { 0-387-94805-8}
}





@article {liggettlippman,
    AUTHOR = {T. M. Liggett  and S. A. Lippman},
     TITLE = {Stochastic games with perfect information and time average
              payoff},
   JOURNAL = {SIAM Rev.},
  FJOURNAL = {SIAM Review},
    VOLUME = {11},
      YEAR = {1969},
     PAGES = {604--607},
      ISSN = {0036-1445},
   MRCLASS = {90.72},
  MRNUMBER = {MR0260435 (41 \#5061)},
MRREVIEWER = {M. F. Neuts},
}


@article {passarerullgaard,
    AUTHOR = {Passare, Mikael and Rullg{\aa}rd, Hans},
     TITLE = {Amoebas, {M}onge-{A}mp\`ere measures, and triangulations of
              the {N}ewton polytope},
   JOURNAL = {Duke Math. J.},
  FJOURNAL = {Duke Mathematical Journal},
    VOLUME = {121},
      YEAR = {2004},
    NUMBER = {3},
     PAGES = {481--507},
      ISSN = {0012-7094},
     CODEN = {DUMJAO},
   MRCLASS = {32A60 (52A41 52B20)},
  MRNUMBER = {2040284 (2005a:32005)},
MRREVIEWER = {A. Yu. Rashkovski{\u\i}},
       DOI = {10.1215/S0012-7094-04-12134-7},
       URL = {http://dx.doi.org/10.1215/S0012-7094-04-12134-7},
}
		

@article {purbhoo,
    AUTHOR = {Purbhoo, Kevin},
     TITLE = {A {N}ullstellensatz for amoebas},
   JOURNAL = {Duke Math. J.},
  FJOURNAL = {Duke Mathematical Journal},
    VOLUME = {141},
      YEAR = {2008},
    NUMBER = {3},
     PAGES = {407--445},
      ISSN = {0012-7094},
     CODEN = {DUMJAO},
   MRCLASS = {14Q15 (14M25 14Q10)},
  MRNUMBER = {2387427 (2009b:14114)},
MRREVIEWER = {Luis Felipe Tabera},
       DOI = {10.1215/00127094-2007-001},
       URL = {http://dx.doi.org/10.1215/00127094-2007-001},
}
		


@article{ABGJ2021,
  doi = {10.1137/20m1380211},
  url = {https://doi.org/10.1137/20m1380211},
  year = {2021},
  month = jan,
  publisher = {Society for Industrial {\&} Applied Mathematics ({SIAM})},
  volume = {63},
  number = {1},
  pages = {123--164},
  author = {Xavier Allamigeon and Pascal Benchimol and St{\'{e}}phane Gaubert and Michael Joswig},
  title = {What Tropical Geometry Tells Us about the  Complexity of Linear Programming},
  journal = {{SIAM} Review}
}

@article{ABGJ2018,
  doi = {10.1137/17m1142132},
  url = {https://doi.org/10.1137/17m1142132},
  year = {2018},
  month = jan,
  publisher = {Society for Industrial {\&} Applied Mathematics ({SIAM})},
  volume = {2},
  number = {1},
  pages = {140--178},
  author = {Xavier Allamigeon and Pascal Benchimol and St{\'{e}}phane Gaubert and Michael Joswig},
  title = {Log-Barrier Interior Point Methods Are Not Strongly Polynomial},
  journal = {{SIAM} Journal on Applied Algebra and Geometry}
}

@misc{ambitropical,
Author = {Marianne Akian and Stephane Gaubert and Sara Vannucci},
Title = {Ambitropical convexity: The geometry of fixed point sets of Shapley operators},
Year = {2021},
note = {arXiv:2108.07748},
}

@misc{meunier,
Author = {Xavier Allamigeon and StÃ©phane Gaubert and FrÃ©dÃ©ric Meunier},
Title = {Tropical Nash equilibria and complementarity problems},
Year = {2020},
note = {arXiv:2012.05314},
}



@article{Avendao2018,
  doi = {10.1016/j.jco.2017.11.008},
  url = {https://doi.org/10.1016/j.jco.2017.11.008},
  year = {2017},
  month = jun,
  publisher = {Elsevier {BV}},
  volume = {46},
  pages = {45--65},
  author = {Mart{\'{\i}}n Avenda{\~{n}}o and Roman Kogan and Mounir Nisse and J. Maurice Rojas},
  title = {Metric estimates and membership complexity for Archimedean amoebae and tropical hypersurfaces},
  journal = {Journal of Complexity}
}


@techreport{Gartner2006,
author={G{\"a}rtner, Bernd and Jaggi, Martin},
title={Tropical support vector machines},
institution={ACS-TR-362502-01},
year={2006},
}
